[
    {
        "Index": "0",
        "Shipping": "79936",
        "Department": "Deli",
        "Category": "Hummus, Dips, & Salsa",
        "": "",
        "Product Name": "Marketside Roasted Red Pepper Hummus, 10 Oz",
        "Brand": "Marketside",
        "Sales": "2,670,000.00",
        "Date": "3/3/2023"
    },
    {
        "Index": "1",
        "Shipping": "79936",
        "Department": "Deli",
        "Category": "Hummus, Dips, & Salsa",
        "": "",
        "Product Name": "Marketside Roasted Garlic Hummus, 10 Oz",
        "Brand": "Marketside",
        "Sales": "2,670,000.00",
        "Date": "9/9/2023"
    },
    {
        "Index": "2",
        "Shipping": "79936",
        "Department": "Deli",
        "Category": "Hummus, Dips, & Salsa",
        "": "",
        "Product Name": "Marketside Classic Hummus, 10 Oz",
        "Brand": "Marketside",
        "Sales": "2,670,000.00",
        "Date": "1/30/2023"
    },
    {
        "Index": "3",
        "Shipping": "79936",
        "Department": "Deli",
        "Category": "Hummus, Dips, & Salsa",
        "": "",
        "Product Name": "Marketside Everything Hummus, 10 oz",
        "Brand": "Marketside",
        "Sales": "2,670,000.00",
        "Date": "9/22/2023"
    },
    {
        "Index": "4",
        "Shipping": "79936",
        "Department": "Deli",
        "Category": "Hummus, Dips, & Salsa",
        "": "",
        "Product Name": "Price's Jalapeno Dip, 12 Oz.",
        "Brand": "Price's",
        "Sales": "3,120,000.00",
        "Date": "10/18/2023"
    },
    {
        "Index": "5",
        "Shipping": "79936",
        "Department": "Deli",
        "Category": "Hummus, Dips, & Salsa",
        "": "",
        "Product Name": "Price's Green Chili Dip, 12 Oz.",
        "Brand": "Price's",
        "Sales": "3,120,000.00",
        "Date": "7/26/2023"
    },
    {
        "Index": "6",
        "Shipping": "79936",
        "Department": "Deli",
        "Category": "Hummus, Dips, & Salsa",
        "": "",
        "Product Name": "Dean's, French Onion Dip, 16 oz Tub",
        "Brand": "Dean's",
        "Sales": "2,420,000.00",
        "Date": "4/15/2023"
    },
    {
        "Index": "7",
        "Shipping": "79936",
        "Department": "Deli",
        "Category": "Hummus, Dips, & Salsa",
        "": "",
        "Product Name": "Marketside Spinach & Artichoke Dip, 16 Oz",
        "Brand": "Marketside",
        "Sales": "5,540,000.00",
        "Date": "8/8/2023"
    },
    {
        "Index": "8",
        "Shipping": "79936",
        "Department": "Deli",
        "Category": "Hummus, Dips, & Salsa",
        "": "",
        "Product Name": "Fresh Cravings Roasted Red Pepper Hummus 10oz",
        "Brand": "Fresh Cravings",
        "Sales": "3,270,000.00",
        "Date": "2/23/2023"
    },
    {
        "Index": "9",
        "Shipping": "79936",
        "Department": "Deli",
        "Category": "Hummus, Dips, & Salsa",
        "": "",
        "Product Name": "Marketside Buffalo Style Chicken Dip, 11 oz",
        "Brand": "Marketside",
        "Sales": "4,540,000.00",
        "Date": "7/25/2023"
    },
    {
        "Index": "10",
        "Shipping": "79936",
        "Department": "Deli",
        "Category": "Hummus, Dips, & Salsa",
        "": "",
        "Product Name": "Marketside Spicy Hummus, 10 oz",
        "Brand": "Marketside",
        "Sales": "2,670,000.00",
        "Date": "10/20/2023"
    },
    {
        "Index": "11",
        "Shipping": "79936",
        "Department": "Deli",
        "Category": "Hummus, Dips, & Salsa",
        "": "",
        "Product Name": "Marketside Pine Nut Hummus, 10 oz",
        "Brand": "Marketside",
        "Sales": "2,670,000.00",
        "Date": "11/16/2023"
    },
    {
        "Index": "12",
        "Shipping": "79936",
        "Department": "Deli",
        "Category": "Hummus, Dips, & Salsa",
        "": "",
        "Product Name": "Marketside Cantina Style Salsa, 16 oz",
        "Brand": "Marketside",
        "Sales": "2,860,000.00",
        "Date": "12/9/2023"
    },
    {
        "Index": "13",
        "Shipping": "79936",
        "Department": "Deli",
        "Category": "Hummus, Dips, & Salsa",
        "": "",
        "Product Name": "Fresh Cravings Everything Bagel Hummus 10oz",
        "Brand": "Fresh Cravings",
        "Sales": "3,270,000.00",
        "Date": "4/6/2023"
    },
    {
        "Index": "14",
        "Shipping": "79936",
        "Department": "Deli",
        "Category": "Hummus, Dips, & Salsa",
        "": "",
        "Product Name": "Fresh Cravings Roasted Garlic Hummus 10 oz",
        "Brand": "Fresh Cravings",
        "Sales": "3,270,000.00",
        "Date": "10/20/2022"
    },
    {
        "Index": "15",
        "Shipping": "79936",
        "Department": "Deli",
        "Category": "Hummus, Dips, & Salsa",
        "": "",
        "Product Name": "Fresh Cravings Honey Jalapeno Hummus 10oz",
        "Brand": "Fresh Cravings",
        "Sales": "3,270,000.00",
        "Date": "2/23/2023"
    },
    {
        "Index": "16",
        "Shipping": "79936",
        "Department": "Deli",
        "Category": "Hummus, Dips, & Salsa",
        "": "",
        "Product Name": "Fresh Cravings Classic Hummus 10oz",
        "Brand": "Fresh Cravings",
        "Sales": "3,270,000.00",
        "Date": "6/9/2023"
    },
    {
        "Index": "17",
        "Shipping": "79936",
        "Department": "Deli",
        "Category": "Hummus, Dips, & Salsa",
        "": "",
        "Product Name": "Freshness Guaranteed Guacamole, Mild, 8 oz",
        "Brand": "Freshness Guaranteed",
        "Sales": "3,140,000.00",
        "Date": "6/30/2023"
    },
    {
        "Index": "18",
        "Shipping": "79936",
        "Department": "Deli",
        "Category": "Hummus, Dips, & Salsa",
        "": "",
        "Product Name": "Tabla Fresca Farmstand Fresh Mild Salsa, 16 oz",
        "Brand": "Tabla Fresca",
        "Sales": "3,940,000.00",
        "Date": "7/4/2023"
    },
    {
        "Index": "19",
        "Shipping": "79936",
        "Department": "Deli",
        "Category": "Hummus, Dips, & Salsa",
        "": "",
        "Product Name": "Fresh Cravings Spicy Red Pepper Hummus 10oz",
        "Brand": "Fresh Cravings",
        "Sales": "3,270,000.00",
        "Date": "7/4/2023"
    },
    {
        "Index": "20",
        "Shipping": "79936",
        "Department": "Deli",
        "Category": "Hummus, Dips, & Salsa",
        "": "",
        "Product Name": "Gordo's Original Queso Cheese Dip, 16 oz Tub Brand/ Product Line=Gordo's Count per pack=this item is single, none to list Food Condition=must be refrigerated",
        "Brand": "Gordo's",
        "Sales": "5,200,000.00",
        "Date": "8/5/2023"
    },
    {
        "Index": "21",
        "Shipping": "79936",
        "Department": "Deli",
        "Category": "Hummus, Dips, & Salsa",
        "": "",
        "Product Name": "Great Value French Onion Dip, 16 oz Tub",
        "Brand": "Great Value",
        "Sales": "1,680,000.00",
        "Date": "11/28/2023"
    },
    {
        "Index": "22",
        "Shipping": "79936",
        "Department": "Deli",
        "Category": "Hummus, Dips, & Salsa",
        "": "",
        "Product Name": "Marketside Bacon Ranch Cheddar Dip, 16 oz",
        "Brand": "Marketside",
        "Sales": "5,540,000.00",
        "Date": "9/1/2023"
    },
    {
        "Index": "23",
        "Shipping": "79936",
        "Department": "Deli",
        "Category": "Hummus, Dips, & Salsa",
        "": "",
        "Product Name": "Marketside Spinach Dip, 16 Oz",
        "Brand": "Marketside",
        "Sales": "4,540,000.00",
        "Date": "9/3/2023"
    },
    {
        "Index": "24",
        "Shipping": "79936",
        "Department": "Deli",
        "Category": "Hummus, Dips, & Salsa",
        "": "",
        "Product Name": "Tabla Fresca Farmstand Cilantro Salsa, 32 Oz",
        "Brand": "Tabla Fresca",
        "Sales": "5,940,000.00",
        "Date": "7/7/2023"
    },
    {
        "Index": "25",
        "Shipping": "79936",
        "Department": "Deli",
        "Category": "Hummus, Dips, & Salsa",
        "": "",
        "Product Name": "Marketside Tzatziki Style Dip, 16 oz",
        "Brand": "Marketside",
        "Sales": "5,540,000.00",
        "Date": "11/24/2022"
    },
    {
        "Index": "26",
        "Shipping": "79936",
        "Department": "Deli",
        "Category": "Hummus, Dips, & Salsa",
        "": "",
        "Product Name": "Price's Grade A Red And Green Chile Sour Cream Dip, 12 Oz.",
        "Brand": "Price's",
        "Sales": "3,120,000.00",
        "Date": "7/13/2023"
    },
    {
        "Index": "27",
        "Shipping": "79936",
        "Department": "Deli",
        "Category": "Hummus, Dips, & Salsa",
        "": "",
        "Product Name": "Marketside Sweet Heat Mango Peach Salsa, 16 Ounce",
        "Brand": "Marketside",
        "Sales": "3,960,000.00",
        "Date": "5/27/2023"
    },
    {
        "Index": "28",
        "Shipping": "79936",
        "Department": "Deli",
        "Category": "Hummus, Dips, & Salsa",
        "": "",
        "Product Name": "Marketside Jalapeno Artichoke Dip, 16 oz",
        "Brand": "Marketside",
        "Sales": "5,540,000.00",
        "Date": "2/23/2023"
    },
    {
        "Index": "29",
        "Shipping": "79936",
        "Department": "Deli",
        "Category": "Hummus, Dips, & Salsa",
        "": "",
        "Product Name": "Julio's Mild Sauce 16oz",
        "Brand": "Julio's",
        "Sales": "3,580,000.00",
        "Date": "11/13/2023"
    },
    {
        "Index": "30",
        "Shipping": "79936",
        "Department": "Deli",
        "Category": "Hummus, Dips, & Salsa",
        "": "",
        "Product Name": "Texas Pete Blazin Buffalo Chicken Dip, 12 oz.",
        "Brand": "Texas Pete",
        "Sales": "3,980,000.00",
        "Date": "11/30/2023"
    },
    {
        "Index": "31",
        "Shipping": "79936",
        "Department": "Deli",
        "Category": "Hummus, Dips, & Salsa",
        "": "",
        "Product Name": "Giovanni Rana Homestyle Sauce Alfredo Premium Pasta Topping Jar (Family Size, 15oz)",
        "Brand": "Giovanni Rana",
        "Sales": "6,500,000.00",
        "Date": "6/15/2023"
    },
    {
        "Index": "32",
        "Shipping": "79936",
        "Department": "Deli",
        "Category": "Hummus, Dips, & Salsa",
        "": "",
        "Product Name": "Marketside Gouda Bacon Green Chile Dip, 12 oz",
        "Brand": "Marketside",
        "Sales": "5,740,000.00",
        "Date": "9/1/2023"
    },
    {
        "Index": "33",
        "Shipping": "79936",
        "Department": "Deli",
        "Category": "Hummus, Dips, & Salsa",
        "": "",
        "Product Name": "Freshness Guaranteed Chunky Avocado, 8 Oz (Fresh)",
        "Brand": "Freshness Guaranteed",
        "Sales": "3,140,000.00",
        "Date": "6/10/2023"
    },
    {
        "Index": "34",
        "Shipping": "79936",
        "Department": "Deli",
        "Category": "Hummus, Dips, & Salsa",
        "": "",
        "Product Name": "Marketside Mild Queso Blanco Dip, 16 oz",
        "Brand": "Marketside",
        "Sales": "4,680,000.00",
        "Date": "8/27/2023"
    },
    {
        "Index": "35",
        "Shipping": "79936",
        "Department": "Deli",
        "Category": "Hummus, Dips, & Salsa",
        "": "",
        "Product Name": "Freshness Guaranteed Spicy Guacamole Mini Cups, 2 Oz, 6 Count (Fresh)",
        "Brand": "Freshness Guaranteed",
        "Sales": "4,280,000.00",
        "Date": "7/5/2023"
    },
    {
        "Index": "36",
        "Shipping": "79936",
        "Department": "Deli",
        "Category": "Hummus, Dips, & Salsa",
        "": "",
        "Product Name": "WHOLLY Guacamole Classic Mini Single Serve Cups, Mild, 2 Oz (6-Pack)",
        "Brand": "WHOLLY GUACAMOLE",
        "Sales": "5,630,000.00",
        "Date": "11/22/2022"
    },
    {
        "Index": "37",
        "Shipping": "79936",
        "Department": "Deli",
        "Category": "Hummus, Dips, & Salsa",
        "": "",
        "Product Name": "Rojo's Classic 5 Layer Dip 28oz",
        "Brand": "Rojo's",
        "Sales": "6,980,000.00",
        "Date": "7/13/2023"
    },
    {
        "Index": "38",
        "Shipping": "79936",
        "Department": "Deli",
        "Category": "Hummus, Dips, & Salsa",
        "": "",
        "Product Name": "Marketside Spinach Dip, 24 oz",
        "Brand": "Marketside",
        "Sales": "6,640,000.00",
        "Date": "9/18/2022"
    },
    {
        "Index": "39",
        "Shipping": "79936",
        "Department": "Deli",
        "Category": "Hummus, Dips, & Salsa",
        "": "",
        "Product Name": "Marketside Smokehouse Burnt Ends Dip, 12 oz",
        "Brand": "Marketside",
        "Sales": "5,740,000.00",
        "Date": "6/17/2023"
    },
    {
        "Index": "40",
        "Shipping": "79936",
        "Department": "Deli",
        "Category": "Hummus, Dips, & Salsa",
        "": "",
        "Product Name": "Marketside Gouda Bacon Green Chile Dip, 12 oz",
        "Brand": "Marketside",
        "Sales": "5,740,000.00",
        "Date": "8/5/2023"
    },
    {
        "Index": "41",
        "Shipping": "79936",
        "Department": "Deli",
        "Category": "Hummus, Dips, & Salsa",
        "": "",
        "Product Name": "Freshness Guaranteed Chunky Avocado, 8 Oz (Fresh)",
        "Brand": "Freshness Guaranteed",
        "Sales": "3,140,000.00",
        "Date": "3/27/2023"
    },
    {
        "Index": "42",
        "Shipping": "79936",
        "Department": "Deli",
        "Category": "Hummus, Dips, & Salsa",
        "": "",
        "Product Name": "Marketside Mild Queso Blanco Dip, 16 oz",
        "Brand": "Marketside",
        "Sales": "4,680,000.00",
        "Date": "6/25/2023"
    },
    {
        "Index": "43",
        "Shipping": "79936",
        "Department": "Deli",
        "Category": "Hummus, Dips, & Salsa",
        "": "",
        "Product Name": "Freshness Guaranteed Spicy Guacamole Mini Cups, 2 Oz, 6 Count (Fresh)",
        "Brand": "Freshness Guaranteed",
        "Sales": "4,280,000.00",
        "Date": "7/20/2023"
    },
    {
        "Index": "44",
        "Shipping": "79936",
        "Department": "Deli",
        "Category": "Hummus, Dips, & Salsa",
        "": "",
        "Product Name": "WHOLLY Guacamole Classic Mini Single Serve Cups, Mild, 2 Oz (6-Pack)",
        "Brand": "WHOLLY GUACAMOLE",
        "Sales": "5,630,000.00",
        "Date": "8/13/2023"
    },
    {
        "Index": "45",
        "Shipping": "79936",
        "Department": "Deli",
        "Category": "Hummus, Dips, & Salsa",
        "": "",
        "Product Name": "Rojo's Classic 5 Layer Dip 28oz",
        "Brand": "Rojo's",
        "Sales": "6,980,000.00",
        "Date": "5/13/2023"
    },
    {
        "Index": "46",
        "Shipping": "79936",
        "Department": "Deli",
        "Category": "Hummus, Dips, & Salsa",
        "": "",
        "Product Name": "Marketside Spinach Dip, 24 oz",
        "Brand": "Marketside",
        "Sales": "6,640,000.00",
        "Date": "7/1/2023"
    },
    {
        "Index": "47",
        "Shipping": "79936",
        "Department": "Deli",
        "Category": "Hummus, Dips, & Salsa",
        "": "",
        "Product Name": "Texas Pete Southwestern Sausage & Cheese Dip, 12 oz.",
        "Brand": "Texas Pete",
        "Sales": "3,980,000.00",
        "Date": "10/17/2023"
    },
    {
        "Index": "48",
        "Shipping": "79936",
        "Department": "Deli",
        "Category": "Hummus, Dips, & Salsa",
        "": "",
        "Product Name": "Julio's Hot Sauce 16oz",
        "Brand": "Julio's",
        "Sales": "3,580,000.00",
        "Date": "5/31/2023"
    },
    {
        "Index": "49",
        "Shipping": "79936",
        "Department": "Deli",
        "Category": "Hummus, Dips, & Salsa",
        "": "",
        "Product Name": "Bobby Salazar's Medium Salsa 15 oz.",
        "Brand": "Bobby Salazar's",
        "Sales": "3,580,000.00",
        "Date": "11/28/2022"
    },
    {
        "Index": "50",
        "Shipping": "79936",
        "Department": "Deli",
        "Category": "Hummus, Dips, & Salsa",
        "": "",
        "Product Name": "WHOLLY GUACAMOLE Avocado Verde, 10 oz",
        "Brand": "WHOLLY GUACAMOLE",
        "Sales": "3,480,000.00",
        "Date": "12/19/2023"
    },
    {
        "Index": "51",
        "Shipping": "79936",
        "Department": "Deli",
        "Category": "Hummus, Dips, & Salsa",
        "": "",
        "Product Name": "Marketside Homestyle Guacamole, 15oz",
        "Brand": "Marketside",
        "Sales": "5,240,000.00",
        "Date": "8/14/2023"
    },
    {
        "Index": "52",
        "Shipping": "79936",
        "Department": "Deli",
        "Category": "Hummus, Dips, & Salsa",
        "": "",
        "Product Name": "WHOLLY Avocado Chunky Mini Single Serve Cups, 100% Hass Avocado, 2 Oz (6-Pack)",
        "Brand": "WHOLLY GUACAMOLE",
        "Sales": "5,630,000.00",
        "Date": "2/4/2023"
    },
    {
        "Index": "53",
        "Shipping": "79936",
        "Department": "Deli",
        "Category": "Hummus, Dips, & Salsa",
        "": "",
        "Product Name": "Freshness Guaranteed Guacamole, Spicy, 8 oz",
        "Brand": "Freshness Guaranteed",
        "Sales": "3,140,000.00",
        "Date": "2/15/2023"
    },
    {
        "Index": "54",
        "Shipping": "79936",
        "Department": "Deli",
        "Category": "Hummus, Dips, & Salsa",
        "": "",
        "Product Name": "Litehouse Home Style Ranch Dip 12fo",
        "Brand": "Litehouse",
        "Sales": "3,120,000.00",
        "Date": "7/2/2023"
    },
    {
        "Index": "55",
        "Shipping": "79936",
        "Department": "Deli",
        "Category": "Hummus, Dips, & Salsa",
        "": "",
        "Product Name": "Sabra Snackers Guacamole & Rolled Tortilla Chips 2.8 oz, (Deli Snacking)",
        "Brand": "Sabra",
        "Sales": "2,270,000.00",
        "Date": "10/22/2022"
    },
    {
        "Index": "56",
        "Shipping": "79936",
        "Department": "Deli",
        "Category": "Hummus, Dips, & Salsa",
        "": "",
        "Product Name": "HERDEZ Cilantro Lime Salsa Cremosa, 15.3 oz",
        "Brand": "Herdez",
        "Sales": "2,730,000.00",
        "Date": "8/16/2023"
    },
    {
        "Index": "57",
        "Shipping": "79936",
        "Department": "Deli",
        "Category": "Hummus, Dips, & Salsa",
        "": "",
        "Product Name": "Wholly Guacamole Avocado Diced 2/4oz",
        "Brand": "WHOLLY GUACAMOLE",
        "Sales": "5,630,000.00",
        "Date": "2/25/2023"
    },
    {
        "Index": "58",
        "Shipping": "79936",
        "Department": "Deli",
        "Category": "Hummus, Dips, & Salsa",
        "": "",
        "Product Name": "Sabra Singles Classic Guacamole 2 oz (4 count)",
        "Brand": "Sabra",
        "Sales": "4,840,000.00",
        "Date": "4/19/2023"
    },
    {
        "Index": "59",
        "Shipping": "79936",
        "Department": "Deli",
        "Category": "Hummus, Dips, & Salsa",
        "": "",
        "Product Name": "HERDEZ Traditional Guacamole, Mild, 8 Oz",
        "Brand": "Herdez",
        "Sales": "3,120,000.00",
        "Date": "7/20/2023"
    },
    {
        "Index": "60",
        "Shipping": "79936",
        "Department": "Deli",
        "Category": "Hummus, Dips, & Salsa",
        "": "",
        "Product Name": "Old El Paso Taco Sauce - Creamy Salsa Verde, 9 oz.",
        "Brand": "Old El Paso",
        "Sales": "3,680,000.00",
        "Date": "9/29/2023"
    },
    {
        "Index": "61",
        "Shipping": "79936",
        "Department": "Deli",
        "Category": "Hummus, Dips, & Salsa",
        "": "",
        "Product Name": "Twisted Ranch Garlic Smashed Buffalo Sauce & Dressing, 13 fl oz Bottle",
        "Brand": "Twisted Ranch",
        "Sales": "3,280,000.00",
        "Date": "7/25/2023"
    },
    {
        "Index": "62",
        "Shipping": "79936",
        "Department": "Deli",
        "Category": "Hummus, Dips, & Salsa",
        "": "",
        "Product Name": "Bobby Salazar's Salsa Verde 15 oz.",
        "Brand": "Bobby Salazar's",
        "Sales": "3,580,000.00",
        "Date": "5/27/2023"
    },
    {
        "Index": "63",
        "Shipping": "79936",
        "Department": "Deli",
        "Category": "Hummus, Dips, & Salsa",
        "": "",
        "Product Name": "WHOLLY Guacamole Spicy Mini Single Serve Cups, Hot, 2 Oz (6-Pack)",
        "Brand": "WHOLLY GUACAMOLE",
        "Sales": "5,630,000.00",
        "Date": "6/1/2023"
    },
    {
        "Index": "64",
        "Shipping": "79936",
        "Department": "Deli",
        "Category": "Hummus, Dips, & Salsa",
        "": "",
        "Product Name": "HERDEZ Traditional Guacamole, Spicy, 8 Oz",
        "Brand": "Herdez",
        "Sales": "3,120,000.00",
        "Date": "1/24/2023"
    },
    {
        "Index": "65",
        "Shipping": "79936",
        "Department": "Deli",
        "Category": "Hummus, Dips, & Salsa",
        "": "",
        "Product Name": "Twisted Ranch Black Peppered Parmesan Sauce & Dressing, 13 fl oz Bottle",
        "Brand": "Twisted Ranch",
        "Sales": "3,280,000.00",
        "Date": "6/28/2023"
    },
    {
        "Index": "66",
        "Shipping": "79936",
        "Department": "Deli",
        "Category": "Hummus, Dips, & Salsa",
        "": "",
        "Product Name": "Texas Pete Zesty Chicken Enchilada Dip, 12 oz.",
        "Brand": "Texas Pete",
        "Sales": "3,980,000.00",
        "Date": "7/6/2023"
    },
    {
        "Index": "67",
        "Shipping": "79936",
        "Department": "Deli",
        "Category": "Hummus, Dips, & Salsa",
        "": "",
        "Product Name": "Giovanni Rana Homestyle Sauce Pesto Premium Pasta Topping Jar (Share Size, 12.5oz)",
        "Brand": "Giovanni Rana",
        "Sales": "6,500,000.00",
        "Date": "1/17/2023"
    },
    {
        "Index": "68",
        "Shipping": "79936",
        "Department": "Deli",
        "Category": "Hummus, Dips, & Salsa",
        "": "",
        "Product Name": "Beano's All American Sandwich Spread Bottle, 8 oz",
        "Brand": "Beano's",
        "Sales": "2,430,000.00",
        "Date": "3/9/2023"
    },
    {
        "Index": "69",
        "Shipping": "79936",
        "Department": "Deli",
        "Category": "Hummus, Dips, & Salsa",
        "": "",
        "Product Name": "Woeber's Sandwich Pal Horseradish Sauce, 16 oz Bottle",
        "Brand": "Woeber's",
        "Sales": "2,280,000.00",
        "Date": "3/9/2023"
    },
    {
        "Index": "70",
        "Shipping": "79936",
        "Department": "Deli",
        "Category": "Hummus, Dips, & Salsa",
        "": "",
        "Product Name": "Marzetti Chocolate Fruit Dip, 15 oz",
        "Brand": "Marzetti",
        "Sales": "3,980,000.00",
        "Date": "9/8/2023"
    },
    {
        "Index": "71",
        "Shipping": "79936",
        "Department": "Deli",
        "Category": "Hummus, Dips, & Salsa",
        "": "",
        "Product Name": "Rana Marinara Sauce Family Size, 15oz",
        "Brand": "Giovanni Rana",
        "Sales": "3,120,000.00",
        "Date": "9/13/2022"
    },
    {
        "Index": "72",
        "Shipping": "79936",
        "Department": "Deli",
        "Category": "Hummus, Dips, & Salsa",
        "": "",
        "Product Name": "Pace Avocado Salsa, Medium Salsa, 15 Ounce Jar",
        "Brand": "Pace",
        "Sales": "3,480,000.00",
        "Date": "6/20/2023"
    },
    {
        "Index": "73",
        "Shipping": "79936",
        "Department": "Deli",
        "Category": "Hummus, Dips, & Salsa",
        "": "",
        "Product Name": "Pace Avocado Salsa, Mild Salsa, 15 Ounce Jar",
        "Brand": "Pace",
        "Sales": "3,480,000.00",
        "Date": "9/26/2023"
    },
    {
        "Index": "74",
        "Shipping": "79936",
        "Department": "Deli",
        "Category": "Hummus, Dips, & Salsa",
        "": "",
        "Product Name": "HERDEZ Roasted Poblano Salsa Cremosa, 15.3 oz",
        "Brand": "Herdez",
        "Sales": "2,730,000.00",
        "Date": "2/12/2023"
    },
    {
        "Index": "75",
        "Shipping": "79936",
        "Department": "Deli",
        "Category": "Hummus, Dips, & Salsa",
        "": "",
        "Product Name": "HERDEZ Chipotle Salsa Cremosa, 15.3 oz",
        "Brand": "Herdez",
        "Sales": "2,730,000.00",
        "Date": "8/26/2023"
    },
    {
        "Index": "76",
        "Shipping": "79936",
        "Department": "Deli",
        "Category": "Hummus, Dips, & Salsa",
        "": "",
        "Product Name": "Lay's French Onion Dip, 23 oz Jar",
        "Brand": "Lay's",
        "Sales": "5,980,000.00",
        "Date": "12/14/2023"
    },
    {
        "Index": "77",
        "Shipping": "79936",
        "Department": "Deli",
        "Category": "Hummus, Dips, & Salsa",
        "": "",
        "Product Name": "Yucatan Authentic Guacamole Squeeze, 14 oz Pouch",
        "Brand": "Yucatan",
        "Sales": "5,180,000.00",
        "Date": "6/11/2023"
    },
    {
        "Index": "78",
        "Shipping": "79936",
        "Department": "Deli",
        "Category": "Hummus, Dips, & Salsa",
        "": "",
        "Product Name": "Beaver Brand Hot Cream Horseradish, 12 oz",
        "Brand": "Beaver Brand",
        "Sales": "3,000,000.00",
        "Date": "8/14/2023"
    },
    {
        "Index": "79",
        "Shipping": "79936",
        "Department": "Deli",
        "Category": "Hummus, Dips, & Salsa",
        "": "",
        "Product Name": "Marketside Smokehouse Burnt Ends Dip, 12 oz",
        "Brand": "Marketside",
        "Sales": "5,740,000.00",
        "Date": "9/29/2023"
    },
    {
        "Index": "80",
        "Shipping": "79936",
        "Department": "Deli",
        "Category": "Hummus, Dips, & Salsa",
        "": "",
        "Product Name": "Dolci Frutta, Hard Chocolate Shell, 8 Oz",
        "Brand": "DOLCI FRUTTA",
        "Sales": "2,780,000.00",
        "Date": "8/19/2023"
    },
    {
        "Index": "81",
        "Shipping": "79936",
        "Department": "Deli",
        "Category": "Hummus, Dips, & Salsa",
        "": "",
        "Product Name": "Diablo Verde Salsa, Medium Creamy Cilantro Sauce, 12.5 oz. Jar",
        "Brand": "Diablo",
        "Sales": "5,980,000.00",
        "Date": "4/5/2023"
    },
    {
        "Index": "82",
        "Shipping": "79936",
        "Department": "Deli",
        "Category": "Hummus, Dips, & Salsa",
        "": "",
        "Product Name": "GoVerden Spicy Guacamole 12oz",
        "Brand": "Goverden",
        "Sales": "4,530,000.00",
        "Date": "9/25/2023"
    },
    {
        "Index": "83",
        "Shipping": "79936",
        "Department": "Deli",
        "Category": "Hummus, Dips, & Salsa",
        "": "",
        "Product Name": "GoVerden Classic Guacamole 12oz",
        "Brand": "Goverden",
        "Sales": "4,530,000.00",
        "Date": "8/31/2023"
    },
    {
        "Index": "84",
        "Shipping": "48180",
        "Department": "Beverages",
        "Category": "Energy Drinks",
        "": "",
        "Product Name": "Red Bull Energy Drink, 8.4 Fl Oz (12 pack)",
        "Brand": "Red Bull",
        "Sales": "20,580,000.00",
        "Date": "1/19/2023"
    },
    {
        "Index": "85",
        "Shipping": "48180",
        "Department": "Beverages",
        "Category": "Energy Drinks",
        "": "",
        "Product Name": "Red Bull Energy Drink, 8.4 Fl Oz (4 pack)",
        "Brand": "Red Bull",
        "Sales": "7,240,000.00",
        "Date": "5/20/2023"
    },
    {
        "Index": "86",
        "Shipping": "48180",
        "Department": "Beverages",
        "Category": "Energy Drinks",
        "": "",
        "Product Name": "Monster Energy Green, Original, 16 fl oz, 12 Pack",
        "Brand": "Monster Energy",
        "Sales": "19,980,000.00",
        "Date": "6/12/2023"
    },
    {
        "Index": "87",
        "Shipping": "48180",
        "Department": "Beverages",
        "Category": "Energy Drinks",
        "": "",
        "Product Name": "V8 +ENERGY Orange Pineapple Energy Drink, 8 FL OZ Can (Pack of 6)",
        "Brand": "V8",
        "Sales": "5,140,000.00",
        "Date": "9/18/2023"
    },
    {
        "Index": "88",
        "Shipping": "48180",
        "Department": "Beverages",
        "Category": "Energy Drinks",
        "": "",
        "Product Name": "V8 +ENERGY Pomegranate Blueberry Energy Drink, 8 FL OZ Can (Pack of 12)",
        "Brand": "V8",
        "Sales": "9,380,000.00",
        "Date": "12/28/2023"
    },
    {
        "Index": "89",
        "Shipping": "48180",
        "Department": "Beverages",
        "Category": "Energy Drinks",
        "": "",
        "Product Name": "NOS High Performance Energy Drink, Original, 16 fl oz, 8 Pack",
        "Brand": "NOS",
        "Sales": "11,980,000.00",
        "Date": "12/24/2023"
    },
    {
        "Index": "90",
        "Shipping": "48180",
        "Department": "Beverages",
        "Category": "Energy Drinks",
        "": "",
        "Product Name": "Red Bull Energy Drink, 12 Fl Oz (4 pack)",
        "Brand": "Red Bull",
        "Sales": "10,480,000.00",
        "Date": "6/8/2023"
    },
    {
        "Index": "91",
        "Shipping": "48180",
        "Department": "Beverages",
        "Category": "Energy Drinks",
        "": "",
        "Product Name": "Monster Energy Zero Ultra, Sugar Free Energy Drink, 16 fl oz, 12 Pack",
        "Brand": "Monster Energy",
        "Sales": "19,980,000.00",
        "Date": "7/26/2023"
    },
    {
        "Index": "92",
        "Shipping": "48180",
        "Department": "Beverages",
        "Category": "Energy Drinks",
        "": "",
        "Product Name": "Red Bull Energy Drink, Watermelon, 12 Fl Oz (4 pack)",
        "Brand": "Red Bull",
        "Sales": "10,480,000.00",
        "Date": "1/4/2023"
    },
    {
        "Index": "93",
        "Shipping": "48180",
        "Department": "Beverages",
        "Category": "Energy Drinks",
        "": "",
        "Product Name": "Monster Energy Green, Original, Energy Drink, 16 fl oz, 4 Pack",
        "Brand": "Monster Energy",
        "Sales": "7,180,000.00",
        "Date": "12/1/2022"
    },
    {
        "Index": "94",
        "Shipping": "48180",
        "Department": "Beverages",
        "Category": "Energy Drinks",
        "": "",
        "Product Name": "Java Monster Mean Bean, Coffee + Energy Drink, 15 Fl Oz",
        "Brand": "Monster Energy",
        "Sales": "2,500,000.00",
        "Date": "11/12/2023"
    },
    {
        "Index": "95",
        "Shipping": "48180",
        "Department": "Beverages",
        "Category": "Energy Drinks",
        "": "",
        "Product Name": "V8 +ENERGY Peach Mango Energy Drink, 8 FL OZ Can (Pack of 12)",
        "Brand": "V8",
        "Sales": "9,380,000.00",
        "Date": "11/3/2022"
    },
    {
        "Index": "96",
        "Shipping": "48180",
        "Department": "Beverages",
        "Category": "Energy Drinks",
        "": "",
        "Product Name": "Alani Energy Drink-breezeberry-12oz",
        "Brand": "Alani Nu",
        "Sales": "2,480,000.00",
        "Date": "11/27/2022"
    },
    {
        "Index": "97",
        "Shipping": "48180",
        "Department": "Beverages",
        "Category": "Energy Drinks",
        "": "",
        "Product Name": "Bucked Up Energy Drink, 300mg Caffeine, Rocket Pop, 16 fl oz",
        "Brand": "Bucked Up",
        "Sales": "2,480,000.00",
        "Date": "12/10/2022"
    },
    {
        "Index": "98",
        "Shipping": "48180",
        "Department": "Beverages",
        "Category": "Energy Drinks",
        "": "",
        "Product Name": "Red Bull Energy Drink, Dragon Fruit, 12 Fl Oz",
        "Brand": "Red Bull",
        "Sales": "2,680,000.00",
        "Date": "12/18/2022"
    },
    {
        "Index": "99",
        "Shipping": "48180",
        "Department": "Beverages",
        "Category": "Energy Drinks",
        "": "",
        "Product Name": "Monster Ultra Variety Pack, Ultra Watermelon + Ultra Paradise 16 fl oz, Pack of 12",
        "Brand": "Monster Energy",
        "Sales": "19,980,000.00",
        "Date": "1/27/2023"
    },
    {
        "Index": "100",
        "Shipping": "48180",
        "Department": "Beverages",
        "Category": "Energy Drinks",
        "": "",
        "Product Name": "V8 +ENERGY Black Cherry Energy Drink, 8 FL OZ Can (Pack of 6)",
        "Brand": "V8",
        "Sales": "5,140,000.00",
        "Date": "12/30/2022"
    },
    {
        "Index": "101",
        "Shipping": "48180",
        "Department": "Beverages",
        "Category": "Energy Drinks",
        "": "",
        "Product Name": "Bang Energy Drink WW 16 Fluid Ounce Single Can",
        "Brand": "Bang",
        "Sales": "2,080,000.00",
        "Date": "2/16/2023"
    },
    {
        "Index": "102",
        "Shipping": "48180",
        "Department": "Beverages",
        "Category": "Energy Drinks",
        "": "",
        "Product Name": "Monster Energy Green, Original, Energy Drink, 16 fl oz",
        "Brand": "Monster Energy",
        "Sales": "2,280,000.00",
        "Date": "3/11/2023"
    },
    {
        "Index": "103",
        "Shipping": "48180",
        "Department": "Beverages",
        "Category": "Energy Drinks",
        "": "",
        "Product Name": "Monster Energy Zero Ultra, Sugar Free Energy Drink, 16 fl oz, 4 Pack",
        "Brand": "Monster Energy",
        "Sales": "7,180,000.00",
        "Date": "5/2/2023"
    },
    {
        "Index": "104",
        "Shipping": "48180",
        "Department": "Beverages",
        "Category": "Energy Drinks",
        "": "",
        "Product Name": "Bang Blue Razz Energy Drink with Super Creatine, 16 oz, 4 Pack Cans",
        "Brand": "Bang",
        "Sales": "6,980,000.00",
        "Date": "5/10/2023"
    },
    {
        "Index": "105",
        "Shipping": "48180",
        "Department": "Beverages",
        "Category": "Energy Drinks",
        "": "",
        "Product Name": "Red Bull Energy Drink, Dragon Fruit, 12 Fl Oz (4 pack)",
        "Brand": "Red Bull",
        "Sales": "10,480,000.00",
        "Date": "11/15/2023"
    },
    {
        "Index": "106",
        "Shipping": "48180",
        "Department": "Beverages",
        "Category": "Energy Drinks",
        "": "",
        "Product Name": "Bang Peach Mango Energy Drink with Super Creatine, 16 oz Can",
        "Brand": "Bang",
        "Sales": "2,080,000.00",
        "Date": "5/10/2023"
    },
    {
        "Index": "107",
        "Shipping": "48180",
        "Department": "Beverages",
        "Category": "Energy Drinks",
        "": "",
        "Product Name": "Red Bull Energy Drink, 12 Fl Oz",
        "Brand": "Red Bull",
        "Sales": "2,680,000.00",
        "Date": "5/10/2023"
    },
    {
        "Index": "108",
        "Shipping": "48180",
        "Department": "Beverages",
        "Category": "Energy Drinks",
        "": "",
        "Product Name": "Red Bull Energy Drink, Sugar Free, 8.4 Fl Oz (4 Pack)",
        "Brand": "Red Bull",
        "Sales": "7,240,000.00",
        "Date": "5/10/2023"
    },
    {
        "Index": "109",
        "Shipping": "48180",
        "Department": "Beverages",
        "Category": "Energy Drinks",
        "": "",
        "Product Name": "V8 +ENERGY Pomegranate Blueberry Energy Drink, 8 FL OZ Can (Pack of 6)",
        "Brand": "V8",
        "Sales": "5,140,000.00",
        "Date": "5/10/2023"
    },
    {
        "Index": "110",
        "Shipping": "48180",
        "Department": "Beverages",
        "Category": "Energy Drinks",
        "": "",
        "Product Name": "Rockstar Punched Fruit Punch Energy Drink, 16 oz, 4 Pack Cans",
        "Brand": "Rockstar",
        "Sales": "5,280,000.00",
        "Date": "5/12/2023"
    },
    {
        "Index": "111",
        "Shipping": "48180",
        "Department": "Beverages",
        "Category": "Energy Drinks",
        "": "",
        "Product Name": "Red Bull Energy Drink, Blueberry, 12 Fl Oz (4 pack)",
        "Brand": "Red Bull",
        "Sales": "10,480,000.00",
        "Date": "5/12/2023"
    },
    {
        "Index": "112",
        "Shipping": "48180",
        "Department": "Beverages",
        "Category": "Energy Drinks",
        "": "",
        "Product Name": "Red Bull Energy Drink, Tropical, 12 Fl Oz (4 pack)",
        "Brand": "Red Bull",
        "Sales": "10,480,000.00",
        "Date": "5/12/2023"
    },
    {
        "Index": "113",
        "Shipping": "48180",
        "Department": "Beverages",
        "Category": "Energy Drinks",
        "": "",
        "Product Name": "Red Bull Energy Drink, Sugar Free, 8.4 Fl Oz (12 Pack)",
        "Brand": "Red Bull",
        "Sales": "20,580,000.00",
        "Date": "5/12/2023"
    },
    {
        "Index": "114",
        "Shipping": "48180",
        "Department": "Beverages",
        "Category": "Energy Drinks",
        "": "",
        "Product Name": "Juice Monster Mango Loco, Energy + Juice, 16 fl oz, 12 Pack",
        "Brand": "Monster Energy",
        "Sales": "19,980,000.00",
        "Date": "5/12/2023"
    },
    {
        "Index": "115",
        "Shipping": "48180",
        "Department": "Beverages",
        "Category": "Energy Drinks",
        "": "",
        "Product Name": "V8 +ENERGY Diet Strawberry Lemonade Energy Drink, 8 FL OZ Can (Pack of 6)",
        "Brand": "V8",
        "Sales": "5,140,000.00",
        "Date": "5/15/2023"
    },
    {
        "Index": "116",
        "Shipping": "48180",
        "Department": "Beverages",
        "Category": "Energy Drinks",
        "": "",
        "Product Name": "Rockstar Sugar Free Energy Drink, 16 fl oz",
        "Brand": "Rockstar",
        "Sales": "1,880,000.00",
        "Date": "2/6/2023"
    },
    {
        "Index": "117",
        "Shipping": "48180",
        "Department": "Beverages",
        "Category": "Energy Drinks",
        "": "",
        "Product Name": "Mtn Dew Energy, Strawberry Melon Spark, 16 oz can",
        "Brand": "Mountain Dew Rise",
        "Sales": "1,980,000.00",
        "Date": "2/6/2023"
    },
    {
        "Index": "118",
        "Shipping": "48180",
        "Department": "Beverages",
        "Category": "Energy Drinks",
        "": "",
        "Product Name": "Alani Energy Drink - Wm Variety-12 Pk",
        "Brand": "Alani Nu",
        "Sales": "24,980,000.00",
        "Date": "2/6/2023"
    },
    {
        "Index": "119",
        "Shipping": "48180",
        "Department": "Beverages",
        "Category": "Energy Drinks",
        "": "",
        "Product Name": "Red Bull Energy Drink, Peach, 12 fl oz (4 Pack)",
        "Brand": "Red Bull",
        "Sales": "10,480,000.00",
        "Date": "2/6/2023"
    },
    {
        "Index": "120",
        "Shipping": "48180",
        "Department": "Beverages",
        "Category": "Energy Drinks",
        "": "",
        "Product Name": "Bang Cotton Candy Energy Drink, 16 fl oz",
        "Brand": "Bang",
        "Sales": "2,080,000.00",
        "Date": "3/3/2023"
    },
    {
        "Index": "121",
        "Shipping": "48180",
        "Department": "Beverages",
        "Category": "Energy Drinks",
        "": "",
        "Product Name": "C4 Energy Drink + Strawberry Watermelon Ice + Zero Sugar + Explosive Energy + 16oz Single Can",
        "Brand": "C4",
        "Sales": "2,280,000.00",
        "Date": "3/4/2023"
    },
    {
        "Index": "122",
        "Shipping": "48180",
        "Department": "Beverages",
        "Category": "Energy Drinks",
        "": "",
        "Product Name": "Red Bull Energy Drink, Variety Pack 8.4 Fl Oz (12 pack)",
        "Brand": "Red Bull",
        "Sales": "20,580,000.00",
        "Date": "3/4/2023"
    },
    {
        "Index": "123",
        "Shipping": "48180",
        "Department": "Beverages",
        "Category": "Energy Drinks",
        "": "",
        "Product Name": "Juice Monster Pipeline Punch, Energy + Juice, 16 fl oz, 4 Pack",
        "Brand": "Monster Energy",
        "Sales": "7,180,000.00",
        "Date": "3/5/2023"
    },
    {
        "Index": "124",
        "Shipping": "48180",
        "Department": "Beverages",
        "Category": "Energy Drinks",
        "": "",
        "Product Name": "Rockstar Sugar Free Energy Drink, 16 fl oz",
        "Brand": "Rockstar",
        "Sales": "1,880,000.00",
        "Date": "3/5/2023"
    },
    {
        "Index": "125",
        "Shipping": "48180",
        "Department": "Beverages",
        "Category": "Energy Drinks",
        "": "",
        "Product Name": "Mtn Dew Energy, Strawberry Melon Spark, 16 oz can",
        "Brand": "Mountain Dew Rise",
        "Sales": "1,980,000.00",
        "Date": "3/5/2023"
    },
    {
        "Index": "126",
        "Shipping": "48180",
        "Department": "Beverages",
        "Category": "Energy Drinks",
        "": "",
        "Product Name": "Alani Energy Drink - Wm Variety-12 Pk",
        "Brand": "Alani Nu",
        "Sales": "24,980,000.00",
        "Date": "12/19/2023"
    },
    {
        "Index": "127",
        "Shipping": "48180",
        "Department": "Beverages",
        "Category": "Energy Drinks",
        "": "",
        "Product Name": "Red Bull Energy Drink, Peach, 12 fl oz (4 Pack)",
        "Brand": "Red Bull",
        "Sales": "10,480,000.00",
        "Date": "12/1/2022"
    },
    {
        "Index": "128",
        "Shipping": "48180",
        "Department": "Beverages",
        "Category": "Energy Drinks",
        "": "",
        "Product Name": "Bang Cotton Candy Energy Drink, 16 fl oz",
        "Brand": "Bang",
        "Sales": "2,080,000.00",
        "Date": "4/28/2023"
    },
    {
        "Index": "129",
        "Shipping": "48180",
        "Department": "Beverages",
        "Category": "Energy Drinks",
        "": "",
        "Product Name": "C4 Energy Drink + Strawberry Watermelon Ice + Zero Sugar + Explosive Energy + 16oz Single Can",
        "Brand": "C4",
        "Sales": "2,280,000.00",
        "Date": "11/4/2023"
    },
    {
        "Index": "130",
        "Shipping": "48180",
        "Department": "Beverages",
        "Category": "Energy Drinks",
        "": "",
        "Product Name": "Red Bull Energy Drink, Variety Pack 8.4 Fl Oz (12 pack)",
        "Brand": "Red Bull",
        "Sales": "20,580,000.00",
        "Date": "7/24/2023"
    },
    {
        "Index": "131",
        "Shipping": "48180",
        "Department": "Beverages",
        "Category": "Energy Drinks",
        "": "",
        "Product Name": "Juice Monster Pipeline Punch, Energy + Juice, 16 fl oz, 4 Pack",
        "Brand": "Monster Energy",
        "Sales": "7,180,000.00",
        "Date": "10/3/2023"
    },
    {
        "Index": "132",
        "Shipping": "48180",
        "Department": "Beverages",
        "Category": "Energy Drinks",
        "": "",
        "Product Name": "Mtn Dew Energy, Orange Breeze,16 oz can",
        "Brand": "Mountain Dew",
        "Sales": "1,980,000.00",
        "Date": "10/9/2023"
    },
    {
        "Index": "133",
        "Shipping": "48180",
        "Department": "Beverages",
        "Category": "Energy Drinks",
        "": "",
        "Product Name": "Mtn Dew Energy, Tropical Sunrise, 16 oz can",
        "Brand": "Mountain Dew",
        "Sales": "1,980,000.00",
        "Date": "10/28/2023"
    },
    {
        "Index": "134",
        "Shipping": "48180",
        "Department": "Beverages",
        "Category": "Energy Drinks",
        "": "",
        "Product Name": "Java Monster Loca Moca, Coffee + Energy Drink, 15 Fl Oz",
        "Brand": "Monster Digital",
        "Sales": "2,500,000.00",
        "Date": "9/26/2022"
    },
    {
        "Index": "135",
        "Shipping": "48180",
        "Department": "Beverages",
        "Category": "Energy Drinks",
        "": "",
        "Product Name": "Alani Energy Drink-cosmic Stardust-12oz",
        "Brand": "Alani Nu",
        "Sales": "2,480,000.00",
        "Date": "2/23/2023"
    },
    {
        "Index": "136",
        "Shipping": "48180",
        "Department": "Beverages",
        "Category": "Energy Drinks",
        "": "",
        "Product Name": "Alani Energy Drink-cherry Slush-12oz",
        "Brand": "Alani Nu",
        "Sales": "2,480,000.00",
        "Date": "2/24/2023"
    },
    {
        "Index": "137",
        "Shipping": "48180",
        "Department": "Beverages",
        "Category": "Energy Drinks",
        "": "",
        "Product Name": "Mtn Dew Energy, Pomegranate Blue Burst,16 oz can",
        "Brand": "Mountain Dew",
        "Sales": "1,980,000.00",
        "Date": "2/26/2023"
    },
    {
        "Index": "138",
        "Shipping": "48180",
        "Department": "Beverages",
        "Category": "Energy Drinks",
        "": "",
        "Product Name": "Java Monster Mean Bean, Coffee + Energy Drink, 11 fl oz, 6 Pack",
        "Brand": "Monster Energy",
        "Sales": "10,480,000.00",
        "Date": "2/27/2023"
    },
    {
        "Index": "139",
        "Shipping": "48180",
        "Department": "Beverages",
        "Category": "Energy Drinks",
        "": "",
        "Product Name": "V8 +ENERGY Peach Mango Energy Drink, 8 FL OZ Can (Pack of 6)",
        "Brand": "V8",
        "Sales": "5,140,000.00",
        "Date": "3/20/2023"
    },
    {
        "Index": "140",
        "Shipping": "48180",
        "Department": "Beverages",
        "Category": "Energy Drinks",
        "": "",
        "Product Name": "Bucked Up Energy Drink, 300mg Caffeine, Blue Raz, 16 fl oz",
        "Brand": "Bucked Up",
        "Sales": "2,480,000.00",
        "Date": "3/21/2023"
    },
    {
        "Index": "141",
        "Shipping": "48180",
        "Department": "Beverages",
        "Category": "Energy Drinks",
        "": "",
        "Product Name": "Monster Energy Ultra Rosa, Sugar Free Energy Drink, 16 fl oz",
        "Brand": "Monster Energy",
        "Sales": "2,280,000.00",
        "Date": "5/8/2023"
    },
    {
        "Index": "142",
        "Shipping": "48180",
        "Department": "Beverages",
        "Category": "Energy Drinks",
        "": "",
        "Product Name": "Monster Energy Ultra Watermelon, 16 Fl Oz",
        "Brand": "Monster Digital",
        "Sales": "2,280,000.00",
        "Date": "5/16/2023"
    },
    {
        "Index": "143",
        "Shipping": "48180",
        "Department": "Beverages",
        "Category": "Energy Drinks",
        "": "",
        "Product Name": "Bang Keto Coffee Cookies & Cream Craze High Protein Energy Drink, 15 oz Can",
        "Brand": "Bang",
        "Sales": "2,980,000.00",
        "Date": "5/16/2023"
    },
    {
        "Index": "144",
        "Shipping": "48180",
        "Department": "Beverages",
        "Category": "Energy Drinks",
        "": "",
        "Product Name": "Reign Total Body Fuel, White Gummy Bear, Performance Energy Drink, 16 fl oz",
        "Brand": "REIGN",
        "Sales": "2,280,000.00",
        "Date": "5/16/2023"
    },
    {
        "Index": "145",
        "Shipping": "48180",
        "Department": "Beverages",
        "Category": "Energy Drinks",
        "": "",
        "Product Name": "Red Bull Energy Drink, Watermelon, 12 Fl Oz",
        "Brand": "Red Bull",
        "Sales": "2,680,000.00",
        "Date": "10/24/2023"
    },
    {
        "Index": "146",
        "Shipping": "48180",
        "Department": "Beverages",
        "Category": "Energy Drinks",
        "": "",
        "Product Name": "Bucked Up Energy Drink Low Stim, Rocket Pop, 16 fl oz, 100 mg Caffeine",
        "Brand": "Bucked Up",
        "Sales": "2,480,000.00",
        "Date": "10/29/2022"
    },
    {
        "Index": "147",
        "Shipping": "48180",
        "Department": "Beverages",
        "Category": "Energy Drinks",
        "": "",
        "Product Name": "Rockstar Pure Zero Sugar Silver Ice Energy Drink, 16 oz Can",
        "Brand": "Rockstar",
        "Sales": "1,880,000.00",
        "Date": "11/26/2022"
    },
    {
        "Index": "148",
        "Shipping": "48180",
        "Department": "Beverages",
        "Category": "Energy Drinks",
        "": "",
        "Product Name": "Reign Total Body Fuel, Orange Dreamsicle, Performance Energy Drink, 16 fl oz",
        "Brand": "Reign",
        "Sales": "2,280,000.00",
        "Date": "8/30/2023"
    },
    {
        "Index": "149",
        "Shipping": "48180",
        "Department": "Beverages",
        "Category": "Energy Drinks",
        "": "",
        "Product Name": "V8 +SPARKLING ENERGY Strawberry Kiwi Energy Drink, 11.5 FL OZ (4 Pack)",
        "Brand": "V8",
        "Sales": "5,140,000.00",
        "Date": "2/22/2023"
    },
    {
        "Index": "150",
        "Shipping": "48180",
        "Department": "Beverages",
        "Category": "Energy Drinks",
        "": "",
        "Product Name": "Bucked Up Big Game Energy Drink, Cotton Candy, 16 fl oz, 150 mg Caffeine",
        "Brand": "Bucked Up",
        "Sales": "2,480,000.00",
        "Date": "9/30/2022"
    },
    {
        "Index": "151",
        "Shipping": "48180",
        "Department": "Beverages",
        "Category": "Energy Drinks",
        "": "",
        "Product Name": "Red Bull Energy Drink, Tropical, 12 Fl Oz",
        "Brand": "Red Bull",
        "Sales": "2,680,000.00",
        "Date": "10/2/2022"
    },
    {
        "Index": "152",
        "Shipping": "48180",
        "Department": "Beverages",
        "Category": "Energy Drinks",
        "": "",
        "Product Name": "Juice Monster Mango Loco, Energy + Juice, 16 fl oz",
        "Brand": "Monster Energy",
        "Sales": "2,280,000.00",
        "Date": "10/13/2022"
    },
    {
        "Index": "153",
        "Shipping": "48180",
        "Department": "Beverages",
        "Category": "Energy Drinks",
        "": "",
        "Product Name": "Java Monster Loca Moca, Coffee + Energy Drink, 11 fl oz, 6 Pack",
        "Brand": "Monster Energy",
        "Sales": "10,480,000.00",
        "Date": "10/19/2022"
    },
    {
        "Index": "154",
        "Shipping": "48180",
        "Department": "Beverages",
        "Category": "Energy Drinks",
        "": "",
        "Product Name": "C4 Energy Drink + Frozen Bombsicle + Zero Sugar + Explosive Energy + 16oz Single Can",
        "Brand": "C4",
        "Sales": "2,280,000.00",
        "Date": "4/17/2023"
    },
    {
        "Index": "155",
        "Shipping": "48180",
        "Department": "Beverages",
        "Category": "Energy Drinks",
        "": "",
        "Product Name": "V8 +ENERGY Orange Pineapple Energy Drink, 8 FL OZ Can (12 Pack)",
        "Brand": "V8",
        "Sales": "9,380,000.00",
        "Date": "4/17/2023"
    },
    {
        "Index": "156",
        "Shipping": "48180",
        "Department": "Beverages",
        "Category": "Energy Drinks",
        "": "",
        "Product Name": "Rockstar Punched Fruit Punch Energy Drink, 16 oz Can",
        "Brand": "Rockstar",
        "Sales": "1,880,000.00",
        "Date": "4/17/2023"
    },
    {
        "Index": "157",
        "Shipping": "48180",
        "Department": "Beverages",
        "Category": "Energy Drinks",
        "": "",
        "Product Name": "Full Throttle, Original, Energy Drink, 16 fl oz, 8 Pack",
        "Brand": "Full Throttle",
        "Sales": "11,980,000.00",
        "Date": "4/17/2023"
    },
    {
        "Index": "158",
        "Shipping": "48180",
        "Department": "Beverages",
        "Category": "Energy Drinks",
        "": "",
        "Product Name": "Rockstar Original Energy Drink, 16 oz, 4 Pack Cans",
        "Brand": "Rockstar",
        "Sales": "5,280,000.00",
        "Date": "4/21/2023"
    },
    {
        "Index": "159",
        "Shipping": "48180",
        "Department": "Beverages",
        "Category": "Energy Drinks",
        "": "",
        "Product Name": "Bang Cherry Blade Lemonade Energy Drink with Super Creatine, 16 oz Can",
        "Brand": "Bang",
        "Sales": "2,080,000.00",
        "Date": "4/21/2023"
    },
    {
        "Index": "160",
        "Shipping": "48180",
        "Department": "Beverages",
        "Category": "Energy Drinks",
        "": "",
        "Product Name": "Red Bull Energy Drink, Peach, 12 Fl Oz",
        "Brand": "Red Bull",
        "Sales": "2,680,000.00",
        "Date": "4/21/2023"
    },
    {
        "Index": "161",
        "Shipping": "48180",
        "Department": "Beverages",
        "Category": "Energy Drinks",
        "": "",
        "Product Name": "Celsius Sparkling Energy Drink  No Sugar or Preservatives  Kiwi Guava (4 Drinks, 12 Fl Oz. Each)",
        "Brand": "Celsius",
        "Sales": "6,680,000.00",
        "Date": "4/22/2023"
    },
    {
        "Index": "162",
        "Shipping": "48180",
        "Department": "Beverages",
        "Category": "Energy Drinks",
        "": "",
        "Product Name": "Bang Blue Razz Energy Drink with Super Creatine, 16 oz Can",
        "Brand": "Bang",
        "Sales": "2,080,000.00",
        "Date": "4/14/2023"
    },
    {
        "Index": "163",
        "Shipping": "48180",
        "Department": "Beverages",
        "Category": "Energy Drinks",
        "": "",
        "Product Name": "Monster Energy Ultra Fiesta, Sugar Free Energy Drink, 16 fl oz",
        "Brand": "Monster Energy",
        "Sales": "2,280,000.00",
        "Date": "4/16/2023"
    },
    {
        "Index": "164",
        "Shipping": "96797",
        "Department": "Baking",
        "Category": "Oils & Shortening",
        "": "",
        "Product Name": "Great Value Vegetable Oil, 48 fl oz",
        "Brand": "Great Value",
        "Sales": "4,270,000.00",
        "Date": "4/16/2023"
    },
    {
        "Index": "165",
        "Shipping": "96797",
        "Department": "Baking",
        "Category": "Oils & Shortening",
        "": "",
        "Product Name": "Great Value Vegetable Oil, 1 gal",
        "Brand": "Great Value",
        "Sales": "10,000,000.00",
        "Date": "4/17/2023"
    },
    {
        "Index": "166",
        "Shipping": "96797",
        "Department": "Baking",
        "Category": "Oils & Shortening",
        "": "",
        "Product Name": "Great Value Canola Oil, 48 fl oz",
        "Brand": "Great Value",
        "Sales": "4,370,000.00",
        "Date": "4/25/2023"
    },
    {
        "Index": "167",
        "Shipping": "96797",
        "Department": "Baking",
        "Category": "Oils & Shortening",
        "": "",
        "Product Name": "Crisco Pure Vegetable Oil 48 fl. oz. Bottle",
        "Brand": "Crisco",
        "Sales": "7,340,000.00",
        "Date": "4/26/2023"
    },
    {
        "Index": "168",
        "Shipping": "96797",
        "Department": "Baking",
        "Category": "Oils & Shortening",
        "": "",
        "Product Name": "Great Value Canola Oil, 1 gal",
        "Brand": "Great Value",
        "Sales": "10,680,000.00",
        "Date": "4/30/2023"
    },
    {
        "Index": "169",
        "Shipping": "96797",
        "Department": "Baking",
        "Category": "Oils & Shortening",
        "": "",
        "Product Name": "Great Value Extra Virgin Olive Oil, 17 fl oz",
        "Brand": "Great Value",
        "Sales": "5,000,000.00",
        "Date": "4/30/2023"
    },
    {
        "Index": "170",
        "Shipping": "96797",
        "Department": "Baking",
        "Category": "Oils & Shortening",
        "": "",
        "Product Name": "Bertolli, Original, ExtraVirgin Olive Oil, 16.9 fl oz",
        "Brand": "Bertolli",
        "Sales": "6,230,000.00",
        "Date": "5/5/2023"
    },
    {
        "Index": "171",
        "Shipping": "96797",
        "Department": "Baking",
        "Category": "Oils & Shortening",
        "": "",
        "Product Name": "Crisco Gluten Free, Butter Flavor, All Vegetable Shortening Sticks, 20oz",
        "Brand": "Crisco",
        "Sales": "7,700,000.00",
        "Date": "5/6/2023"
    },
    {
        "Index": "172",
        "Shipping": "96797",
        "Department": "Baking",
        "Category": "Oils & Shortening",
        "": "",
        "Product Name": "Crisco Pure Vegetable Oil 1 gal.",
        "Brand": "Crisco",
        "Sales": "14,970,000.00",
        "Date": "5/7/2023"
    },
    {
        "Index": "173",
        "Shipping": "96797",
        "Department": "Baking",
        "Category": "Oils & Shortening",
        "": "",
        "Product Name": "Great Value, All Vegetable Shortening, 48 oz Can",
        "Brand": "Great Value",
        "Sales": "6,370,000.00",
        "Date": "5/11/2023"
    },
    {
        "Index": "174",
        "Shipping": "96797",
        "Department": "Baking",
        "Category": "Oils & Shortening",
        "": "",
        "Product Name": "Great Value: 100% Extra Virgin Olive Oil, 25.5 fl oz",
        "Brand": "Great Value",
        "Sales": "5,880,000.00",
        "Date": "5/28/2023"
    },
    {
        "Index": "175",
        "Shipping": "96797",
        "Department": "Baking",
        "Category": "Oils & Shortening",
        "": "",
        "Product Name": "Crisco Pure Canola Oil, 48 fl oz",
        "Brand": "Crisco",
        "Sales": "7,340,000.00",
        "Date": "5/29/2023"
    },
    {
        "Index": "176",
        "Shipping": "96797",
        "Department": "Baking",
        "Category": "Oils & Shortening",
        "": "",
        "Product Name": "Crisco All-Vegetable Shortening, 48 oz",
        "Brand": "Crisco",
        "Sales": "10,120,000.00",
        "Date": "6/21/2023"
    },
    {
        "Index": "177",
        "Shipping": "96797",
        "Department": "Baking",
        "Category": "Oils & Shortening",
        "": "",
        "Product Name": "Great Value Classic Olive Oil, 25.5 fl oz",
        "Brand": "Great Value",
        "Sales": "5,220,000.00",
        "Date": "6/22/2023"
    },
    {
        "Index": "178",
        "Shipping": "96797",
        "Department": "Baking",
        "Category": "Oils & Shortening",
        "": "",
        "Product Name": "Crisco All-Vegetable Shortening Sticks 20 oz. Pack",
        "Brand": "Crisco",
        "Sales": "7,700,000.00",
        "Date": "6/22/2023"
    },
    {
        "Index": "179",
        "Shipping": "96797",
        "Department": "Baking",
        "Category": "Oils & Shortening",
        "": "",
        "Product Name": "Great Value Classic Olive Oil, 17 fl oz",
        "Brand": "Great Value",
        "Sales": "3,120,000.00",
        "Date": "6/21/2023"
    },
    {
        "Index": "180",
        "Shipping": "96797",
        "Department": "Baking",
        "Category": "Oils & Shortening",
        "": "",
        "Product Name": "WESSON Pure & Cholesterol Free Vegetable Oil, 48 fl oz",
        "Brand": "Wesson",
        "Sales": "5,340,000.00",
        "Date": "6/21/2023"
    },
    {
        "Index": "181",
        "Shipping": "96797",
        "Department": "Baking",
        "Category": "Oils & Shortening",
        "": "",
        "Product Name": "WESSON Pure Canola Oil 0 g Trans Fat Cholesterol Free 24 oz.",
        "Brand": "Wesson",
        "Sales": "5,280,000.00",
        "Date": "6/23/2023"
    },
    {
        "Index": "182",
        "Shipping": "96797",
        "Department": "Baking",
        "Category": "Oils & Shortening",
        "": "",
        "Product Name": "Mazola Corn Oil, 40 Fl Oz",
        "Brand": "Mazola",
        "Sales": "5,780,000.00",
        "Date": "6/29/2023"
    },
    {
        "Index": "183",
        "Shipping": "96797",
        "Department": "Baking",
        "Category": "Oils & Shortening",
        "": "",
        "Product Name": "Great Value Organic Unrefined Virgin Coconut Oil, 14 fl oz",
        "Brand": "Great Value",
        "Sales": "7,970,000.00",
        "Date": "6/12/2023"
    },
    {
        "Index": "184",
        "Shipping": "96797",
        "Department": "Baking",
        "Category": "Oils & Shortening",
        "": "",
        "Product Name": "Wesson Vegetable Pure Natural Oil, 128 fl oz",
        "Brand": "Wesson",
        "Sales": "12,770,000.00",
        "Date": "6/16/2023"
    },
    {
        "Index": "185",
        "Shipping": "96797",
        "Department": "Baking",
        "Category": "Oils & Shortening",
        "": "",
        "Product Name": "Pompeian Grapeseed Oil - 24 fl oz",
        "Brand": "Pompeian",
        "Sales": "6,230,000.00",
        "Date": "6/17/2023"
    },
    {
        "Index": "186",
        "Shipping": "79936",
        "Department": "Deli",
        "Category": "Fresh Soups & Salads",
        "": "",
        "Product Name": "Panera Bread Broccoli Cheddar Soup, 16oz (Fresh Deli Soup)",
        "Brand": "Panera Bread",
        "Sales": "5,470,000.00",
        "Date": "6/17/2023"
    },
    {
        "Index": "187",
        "Shipping": "96797",
        "Department": "Baking",
        "Category": "Oils & Shortening",
        "": "",
        "Product Name": "Great Value Peanut Oil, 128 fl oz",
        "Brand": "Great Value",
        "Sales": "19,320,000.00",
        "Date": "6/19/2023"
    },
    {
        "Index": "188",
        "Shipping": "79936",
        "Department": "Deli",
        "Category": "Fresh Soups & Salads",
        "": "",
        "Product Name": "Taylor Farms BLT Salad with Chicken & Bacon Salad 6.5oz (Deli Salad Bowl)",
        "Brand": "Taylor Farms",
        "Sales": "3,470,000.00",
        "Date": "6/19/2023"
    },
    {
        "Index": "189",
        "Shipping": "96797",
        "Department": "Baking",
        "Category": "Oils & Shortening",
        "": "",
        "Product Name": "Pompeian Smooth Extra Virgin Olive Oil - 16 fl oz",
        "Brand": "Pompeian",
        "Sales": "6,930,000.00",
        "Date": "6/20/2023"
    },
    {
        "Index": "190",
        "Shipping": "79936",
        "Department": "Deli",
        "Category": "Fresh Soups & Salads",
        "": "",
        "Product Name": "Marketside Lobster Bisque, 16oz, (Fresh Deli Soup)",
        "Brand": "Marketside",
        "Sales": "2,870,000.00",
        "Date": "6/21/2023"
    },
    {
        "Index": "191",
        "Shipping": "79936",
        "Department": "Deli",
        "Category": "Fresh Soups & Salads",
        "": "",
        "Product Name": "Freshness Guaranteed Mustard Potato Salad, 16 oz",
        "Brand": "Walmart Deli",
        "Sales": "2,740,000.00",
        "Date": "6/21/2023"
    },
    {
        "Index": "192",
        "Shipping": "96797",
        "Department": "Baking",
        "Category": "Oils & Shortening",
        "": "",
        "Product Name": "Great Value Extra Virgin Olive Oil, 101 fl oz",
        "Brand": "Great Value",
        "Sales": "23,000,000.00",
        "Date": "6/25/2023"
    },
    {
        "Index": "193",
        "Shipping": "79936",
        "Department": "Deli",
        "Category": "Fresh Soups & Salads",
        "": "",
        "Product Name": "Marketside Broccoli Cheddar Soup, 16 oz, (Fresh Deli Soup)",
        "Brand": "Marketside",
        "Sales": "3,870,000.00",
        "Date": "6/29/2023"
    },
    {
        "Index": "194",
        "Shipping": "96797",
        "Department": "Baking",
        "Category": "Oils & Shortening",
        "": "",
        "Product Name": "Pompeian Robust Extra Virgin Olive Oil - 16 fl oz",
        "Brand": "Pompeian",
        "Sales": "6,930,000.00",
        "Date": "6/30/2023"
    },
    {
        "Index": "195",
        "Shipping": "79936",
        "Department": "Deli",
        "Category": "Fresh Soups & Salads",
        "": "",
        "Product Name": "Marketside Santa Fe Style Salad with Chicken, 6.35 oz",
        "Brand": "Fresh Express",
        "Sales": "3,470,000.00",
        "Date": "6/30/2023"
    },
    {
        "Index": "196",
        "Shipping": "96797",
        "Department": "Baking",
        "Category": "Oils & Shortening",
        "": "",
        "Product Name": "Smart Balance Vegetable Oil Bottle, 48 fl oz",
        "Brand": "Smart Balance",
        "Sales": "8,180,000.00",
        "Date": "7/2/2023"
    },
    {
        "Index": "197",
        "Shipping": "79936",
        "Department": "Deli",
        "Category": "Fresh Soups & Salads",
        "": "",
        "Product Name": "Marketside Sunflower Bacon Crunch Chopped Salad Kit, 10.6 oz",
        "Brand": "Marketside",
        "Sales": "3,980,000.00",
        "Date": "7/6/2023"
    },
    {
        "Index": "198",
        "Shipping": "79936",
        "Department": "Deli",
        "Category": "Fresh Soups & Salads",
        "": "",
        "Product Name": "Marketside Creamy Cauliflower Parmesan Soup, 16 oz, (Fresh Deli Soup)",
        "Brand": "Marketside",
        "Sales": "3,870,000.00",
        "Date": "7/6/2023"
    },
    {
        "Index": "199",
        "Shipping": "96797",
        "Department": "Baking",
        "Category": "Oils & Shortening",
        "": "",
        "Product Name": "WESSON Pure & Cholesterol Free Canola Oil, 48 fl oz.",
        "Brand": "Wesson",
        "Sales": "5,760,000.00",
        "Date": "9/6/2023"
    },
    {
        "Index": "200",
        "Shipping": "79936",
        "Department": "Deli",
        "Category": "Fresh Soups & Salads",
        "": "",
        "Product Name": "Marketside Creamy Tomato Bisque, 16 oz, (Fresh Deli Soup)",
        "Brand": "Marketside",
        "Sales": "2,870,000.00",
        "Date": "9/8/2023"
    },
    {
        "Index": "201",
        "Shipping": "96797",
        "Department": "Baking",
        "Category": "Oils & Shortening",
        "": "",
        "Product Name": "Chosen Foods 100% Pure Avocado Oil, 25.4 fl oz., Bottle",
        "Brand": "CHOSEN FOODS",
        "Sales": "13,780,000.00",
        "Date": "9/9/2023"
    },
    {
        "Index": "202",
        "Shipping": "79936",
        "Department": "Deli",
        "Category": "Fresh Soups & Salads",
        "": "",
        "Product Name": "Marketside Classic Iceberg Salad, 12 oz",
        "Brand": "Marketside",
        "Sales": "1,780,000.00",
        "Date": "3/2/2023"
    },
    {
        "Index": "203",
        "Shipping": "96797",
        "Department": "Baking",
        "Category": "Oils & Shortening",
        "": "",
        "Product Name": "Great Value Organic Extra Virgin Olive Oil, 51 fl oz",
        "Brand": "Great Value",
        "Sales": "10,830,000.00",
        "Date": "3/6/2023"
    },
    {
        "Index": "204",
        "Shipping": "79936",
        "Department": "Deli",
        "Category": "Fresh Soups & Salads",
        "": "",
        "Product Name": "Panera Bread Baked Potato Soup, 16 OZ Soup Cup (Gluten Free)",
        "Brand": "Panera Bread",
        "Sales": "5,470,000.00",
        "Date": "3/6/2023"
    },
    {
        "Index": "205",
        "Shipping": "96797",
        "Department": "Baking",
        "Category": "Oils & Shortening",
        "": "",
        "Product Name": "Great Value Corn Oil, 48 fl oz",
        "Brand": "Great Value",
        "Sales": "5,340,000.00",
        "Date": "3/6/2023"
    },
    {
        "Index": "206",
        "Shipping": "79936",
        "Department": "Deli",
        "Category": "Fresh Soups & Salads",
        "": "",
        "Product Name": "Taylor Farms Caesar Salad with Chicken & Bacon, 5.75 oz (Deli Salad Bowl)",
        "Brand": "Taylor Farms",
        "Sales": "3,470,000.00",
        "Date": "3/26/2023"
    },
    {
        "Index": "207",
        "Shipping": "79936",
        "Department": "Deli",
        "Category": "Fresh Soups & Salads",
        "": "",
        "Product Name": "Marketside Chicken Noodle Soup, 16 oz, (Fresh Deli Soup)",
        "Brand": "Marketside",
        "Sales": "2,870,000.00",
        "Date": "3/31/2023"
    },
    {
        "Index": "208",
        "Shipping": "96797",
        "Department": "Baking",
        "Category": "Oils & Shortening",
        "": "",
        "Product Name": "Great Value Organic Extra Virgin Olive Oil, 17 fl oz",
        "Brand": "Great Value",
        "Sales": "5,000,000.00",
        "Date": "4/1/2023"
    },
    {
        "Index": "209",
        "Shipping": "79936",
        "Department": "Deli",
        "Category": "Fresh Soups & Salads",
        "": "",
        "Product Name": "Marketside Asian Chopped Salad Kit, 10.6 oz",
        "Brand": "Marketside",
        "Sales": "3,980,000.00",
        "Date": "4/10/2023"
    },
    {
        "Index": "210",
        "Shipping": "96797",
        "Department": "Baking",
        "Category": "Oils & Shortening",
        "": "",
        "Product Name": "California Olive Ranch 100% California Medium Extra Virgin Olive Oil, 16.9 fl oz",
        "Brand": "California Olive Ranch",
        "Sales": "11,960,000.00",
        "Date": "4/10/2023"
    },
    {
        "Index": "211",
        "Shipping": "79936",
        "Department": "Deli",
        "Category": "Fresh Soups & Salads",
        "": "",
        "Product Name": "Marketside Loaded Potato Soup, 16 oz, (Fresh Deli Soup)",
        "Brand": "Marketside",
        "Sales": "3,870,000.00",
        "Date": "4/11/2023"
    },
    {
        "Index": "212",
        "Shipping": "96797",
        "Department": "Baking",
        "Category": "Oils & Shortening",
        "": "",
        "Product Name": "Orville Redenbacher's Popping & Topping Buttery Flavored Oil, 16 Oz",
        "Brand": "Orville Redenbacher's",
        "Sales": "5,230,000.00",
        "Date": "4/16/2023"
    },
    {
        "Index": "213",
        "Shipping": "79936",
        "Department": "Deli",
        "Category": "Fresh Soups & Salads",
        "": "",
        "Product Name": "Marketside Caesar Salad with Chicken, 6.25 oz",
        "Brand": "Marketside",
        "Sales": "3,470,000.00",
        "Date": "1/25/2023"
    },
    {
        "Index": "214",
        "Shipping": "96797",
        "Department": "Baking",
        "Category": "Oils & Shortening",
        "": "",
        "Product Name": "Bertolli Extra Light Tasting Olive Oil, 25.36 fl oz",
        "Brand": "Bertolli",
        "Sales": "8,420,000.00",
        "Date": "7/30/2023"
    },
    {
        "Index": "215",
        "Shipping": "79936",
        "Department": "Deli",
        "Category": "Fresh Soups & Salads",
        "": "",
        "Product Name": "Marketside Caesar Salad Kit Family Size, 17.8 oz",
        "Brand": "Marketside",
        "Sales": "4,980,000.00",
        "Date": "9/28/2022"
    },
    {
        "Index": "216",
        "Shipping": "79936",
        "Department": "Deli",
        "Category": "Fresh Soups & Salads",
        "": "",
        "Product Name": "Marketside New England Clam Chowder, 16 oz, (Fresh Deli Soup)",
        "Brand": "Marketside",
        "Sales": "3,870,000.00",
        "Date": "10/2/2022"
    },
    {
        "Index": "217",
        "Shipping": "96797",
        "Department": "Baking",
        "Category": "Oils & Shortening",
        "": "",
        "Product Name": "LouAna Peanut Oil, 128.0 FL OZ",
        "Brand": "LouAna",
        "Sales": "23,940,000.00",
        "Date": "10/18/2022"
    },
    {
        "Index": "218",
        "Shipping": "79936",
        "Department": "Deli",
        "Category": "Fresh Soups & Salads",
        "": "",
        "Product Name": "Marketside Chicken Tortilla Soup, 16 oz, (Fresh Deli Soup)",
        "Brand": "Marketside",
        "Sales": "3,870,000.00",
        "Date": "10/19/2022"
    },
    {
        "Index": "219",
        "Shipping": "96797",
        "Department": "Baking",
        "Category": "Oils & Shortening",
        "": "",
        "Product Name": "Pompeian Smooth Extra Virgin Olive Oil - 32 fl oz",
        "Brand": "Pompeian",
        "Sales": "10,440,000.00",
        "Date": "11/4/2022"
    },
    {
        "Index": "220",
        "Shipping": "79936",
        "Department": "Deli",
        "Category": "Fresh Soups & Salads",
        "": "",
        "Product Name": "Taylor Farms Apple & Walnut Salad with Chicken, 5.5 oz (Deli Salad Bowl)",
        "Brand": "Taylor Farms",
        "Sales": "3,470,000.00",
        "Date": "11/8/2022"
    },
    {
        "Index": "221",
        "Shipping": "96797",
        "Department": "Baking",
        "Category": "Oils & Shortening",
        "": "",
        "Product Name": "Great Value Refined Avocado Oil, 25.5 fl oz",
        "Brand": "Great Value",
        "Sales": "10,300,000.00",
        "Date": "11/14/2022"
    },
    {
        "Index": "222",
        "Shipping": "79936",
        "Department": "Deli",
        "Category": "Fresh Soups & Salads",
        "": "",
        "Product Name": "Freshness Guaranteed Original Macaroni Salad, 32 oz",
        "Brand": "Walmart Deli",
        "Sales": "3,940,000.00",
        "Date": "2/24/2023"
    },
    {
        "Index": "223",
        "Shipping": "79936",
        "Department": "Deli",
        "Category": "Fresh Soups & Salads",
        "": "",
        "Product Name": "Taylor Farms Chef Salad with Ham and Chicken (Fresh Deli Salad)",
        "Brand": "Taylor Farms",
        "Sales": "3,470,000.00",
        "Date": "2/26/2023"
    },
    {
        "Index": "224",
        "Shipping": "96797",
        "Department": "Baking",
        "Category": "Oils & Shortening",
        "": "",
        "Product Name": "California Olive Ranch Medium Smooth & Balanced Extra Virgin Olive Oil, 47.3 fl oz",
        "Brand": "California Olive Ranch",
        "Sales": "18,000,000.00",
        "Date": "2/26/2023"
    },
    {
        "Index": "225",
        "Shipping": "79936",
        "Department": "Deli",
        "Category": "Fresh Soups & Salads",
        "": "",
        "Product Name": "Marketside Creamy Chicken & Wild Rice Soup, 16 oz, (Fresh Deli Soup)",
        "Brand": "Marketside",
        "Sales": "3,870,000.00",
        "Date": "2/28/2023"
    },
    {
        "Index": "226",
        "Shipping": "96797",
        "Department": "Baking",
        "Category": "Oils & Shortening",
        "": "",
        "Product Name": "Great Value Organic Unrefined Virgin Coconut Oil, 29 fl oz",
        "Brand": "Great Value",
        "Sales": "12,620,000.00",
        "Date": "2/28/2023"
    },
    {
        "Index": "227",
        "Shipping": "79936",
        "Department": "Deli",
        "Category": "Fresh Soups & Salads",
        "": "",
        "Product Name": "Marketside Ranch Cobb Salad with Chicken & Bacon, (Fresh Deli Salad)",
        "Brand": "Marketside",
        "Sales": "4,470,000.00",
        "Date": "3/2/2023"
    },
    {
        "Index": "228",
        "Shipping": "79936",
        "Department": "Deli",
        "Category": "Fresh Soups & Salads",
        "": "",
        "Product Name": "Marketside Cobb Salad with Turkey & Uncured Bacon, 7.25 oz",
        "Brand": "Marketside",
        "Sales": "3,470,000.00",
        "Date": "3/2/2023"
    },
    {
        "Index": "229",
        "Shipping": "79936",
        "Department": "Deli",
        "Category": "Fresh Soups & Salads",
        "": "",
        "Product Name": "Freshness Guaranteed White Meat Chicken Salad with Cranberries, Celery, and Pecans, 12 oz",
        "Brand": "Freshness Guaranteed",
        "Sales": "5,740,000.00",
        "Date": "3/5/2023"
    },
    {
        "Index": "230",
        "Shipping": "79936",
        "Department": "Deli",
        "Category": "Fresh Soups & Salads",
        "": "",
        "Product Name": "Freshness Guaranteed Deviled Egg Potato Salad, 16 oz",
        "Brand": "Walmart Deli",
        "Sales": "3,840,000.00",
        "Date": "4/22/2023"
    },
    {
        "Index": "231",
        "Shipping": "79936",
        "Department": "Deli",
        "Category": "Fresh Soups & Salads",
        "": "",
        "Product Name": "Marketside Chef Salad with Uncured Ham and Turkey, 7.25 oz",
        "Brand": "Marketside",
        "Sales": "3,470,000.00",
        "Date": "4/22/2023"
    },
    {
        "Index": "232",
        "Shipping": "79936",
        "Department": "Deli",
        "Category": "Fresh Soups & Salads",
        "": "",
        "Product Name": "Freshness Guaranteed Rotisserie Seasoned White Meat Chicken Salad, 12 oz",
        "Brand": "Freshness Guaranteed",
        "Sales": "5,740,000.00",
        "Date": "3/6/2023"
    },
    {
        "Index": "233",
        "Shipping": "79936",
        "Department": "Deli",
        "Category": "Fresh Soups & Salads",
        "": "",
        "Product Name": "Taylor Farms American Style Pasta Salad, 9.75 oz, (Deli Salad Bowl)",
        "Brand": "Taylor Farms",
        "Sales": "3,470,000.00",
        "Date": "3/6/2023"
    },
    {
        "Index": "234",
        "Shipping": "79936",
        "Department": "Deli",
        "Category": "Fresh Soups & Salads",
        "": "",
        "Product Name": "Marketside Cranberry Walnut Salad, 4.5 oz",
        "Brand": "Marketside",
        "Sales": "3,470,000.00",
        "Date": "3/6/2023"
    },
    {
        "Index": "235",
        "Shipping": "79936",
        "Department": "Deli",
        "Category": "Fresh Soups & Salads",
        "": "",
        "Product Name": "Freshness Guaranteed Original Macaroni Salad, 16 oz",
        "Brand": "Walmart Deli",
        "Sales": "2,740,000.00",
        "Date": "3/6/2023"
    },
    {
        "Index": "236",
        "Shipping": "79936",
        "Department": "Deli",
        "Category": "Fresh Soups & Salads",
        "": "",
        "Product Name": "Freshness Guaranteed Original Coleslaw, 15 oz",
        "Brand": "Walmart Deli",
        "Sales": "2,740,000.00",
        "Date": "3/9/2023"
    },
    {
        "Index": "237",
        "Shipping": "79936",
        "Department": "Deli",
        "Category": "Fresh Soups & Salads",
        "": "",
        "Product Name": "Freshness Guaranteed Deviled Egg Potato Salad, 32 oz",
        "Brand": "Walmart Deli",
        "Sales": "5,970,000.00",
        "Date": "3/9/2023"
    },
    {
        "Index": "238",
        "Shipping": "79936",
        "Department": "Deli",
        "Category": "Fresh Soups & Salads",
        "": "",
        "Product Name": "Freshness Guaranteed Original Potato Salad, 32 Oz",
        "Brand": "Wal-Mart Deli",
        "Sales": "3,940,000.00",
        "Date": "3/11/2023"
    },
    {
        "Index": "239",
        "Shipping": "79936",
        "Department": "Deli",
        "Category": "Fresh Soups & Salads",
        "": "",
        "Product Name": "Marketside Chicken Caesar Salad, (Fresh Deli Salad)",
        "Brand": "Marketside",
        "Sales": "4,470,000.00",
        "Date": "3/11/2023"
    },
    {
        "Index": "240",
        "Shipping": "79936",
        "Department": "Deli",
        "Category": "Fresh Soups & Salads",
        "": "",
        "Product Name": "Marketside Avocado Ranch Salad with Chicken, 7.45 oz",
        "Brand": "Marketside",
        "Sales": "4,280,000.00",
        "Date": "3/11/2023"
    },
    {
        "Index": "241",
        "Shipping": "79936",
        "Department": "Deli",
        "Category": "Fresh Soups & Salads",
        "": "",
        "Product Name": "Marketside Spinach Dijon Salad, 4.9 oz",
        "Brand": "Fresh Express",
        "Sales": "3,470,000.00",
        "Date": "3/11/2023"
    },
    {
        "Index": "242",
        "Shipping": "79936",
        "Department": "Deli",
        "Category": "Fresh Soups & Salads",
        "": "",
        "Product Name": "Santa Barbara Bay Crab Salad, 14 oz",
        "Brand": "Santa Barbara Bay",
        "Sales": "5,320,000.00",
        "Date": "7/17/2023"
    },
    {
        "Index": "243",
        "Shipping": "79936",
        "Department": "Deli",
        "Category": "Fresh Soups & Salads",
        "": "",
        "Product Name": "Marketside BLT Salad with Turkey & Uncured Bacon, 6.81 oz",
        "Brand": "Marketside",
        "Sales": "4,280,000.00",
        "Date": "7/17/2023"
    },
    {
        "Index": "244",
        "Shipping": "48180",
        "Department": "Beverages",
        "Category": "Energy Drinks",
        "": "",
        "Product Name": "CELSIUS On-The-Go Essential Energy Powder Packs, Dragonfruit Lime (Pack of 14)",
        "Brand": "Celsius",
        "Sales": "10,980,000.00",
        "Date": "7/17/2023"
    },
    {
        "Index": "245",
        "Shipping": "48180",
        "Department": "Beverages",
        "Category": "Energy Drinks",
        "": "",
        "Product Name": "Monster Energy Ultra Sunrise, Sugar Free Energy Drink, 16 fl oz, 12 Pack",
        "Brand": "Monster Energy",
        "Sales": "19,980,000.00",
        "Date": "7/17/2023"
    },
    {
        "Index": "246",
        "Shipping": "48180",
        "Department": "Beverages",
        "Category": "Energy Drinks",
        "": "",
        "Product Name": "V8 +SPARKLING ENERGY Orange Pineapple Energy Drink, 11.5 FL OZ (24 Pk)",
        "Brand": "V8",
        "Sales": "5,140,000.00",
        "Date": "7/18/2023"
    },
    {
        "Index": "247",
        "Shipping": "48180",
        "Department": "Beverages",
        "Category": "Energy Drinks",
        "": "",
        "Product Name": "Bucked Up Energy Drink, 300mg Caffeine, Blood Razz, 16 fl oz",
        "Brand": "Bucked Up",
        "Sales": "2,480,000.00",
        "Date": "7/19/2023"
    },
    {
        "Index": "248",
        "Shipping": "48180",
        "Department": "Beverages",
        "Category": "Energy Drinks",
        "": "",
        "Product Name": "Starbucks Doubleshot Energy Vanilla Coffee Energy Drink, 15 oz Can",
        "Brand": "Starbucks",
        "Sales": "2,980,000.00",
        "Date": "8/17/2023"
    },
    {
        "Index": "249",
        "Shipping": "48180",
        "Department": "Beverages",
        "Category": "Energy Drinks",
        "": "",
        "Product Name": "Red Bull Energy Drink, Coconut Berry, 12 Fl Oz",
        "Brand": "Red Bull",
        "Sales": "2,680,000.00",
        "Date": "8/17/2023"
    },
    {
        "Index": "250",
        "Shipping": "48180",
        "Department": "Beverages",
        "Category": "Energy Drinks",
        "": "",
        "Product Name": "V8 +SPARKLING ENERGY Black Cherry Energy Drink, 11.5 FL OZ Can (Pack of 4)",
        "Brand": "V8",
        "Sales": "5,140,000.00",
        "Date": "8/17/2023"
    },
    {
        "Index": "251",
        "Shipping": "48180",
        "Department": "Beverages",
        "Category": "Energy Drinks",
        "": "",
        "Product Name": "Eternal Energy Premium Energy Shot, Tropical Punch, 1.93 fl oz, 6 Count",
        "Brand": "Eternal Energy",
        "Sales": "4,680,000.00",
        "Date": "6/23/2023"
    },
    {
        "Index": "252",
        "Shipping": "48180",
        "Department": "Beverages",
        "Category": "Energy Drinks",
        "": "",
        "Product Name": "Monster Energy Ultra Fiesta, Ultra Fiesta, 16 oz. (Pack of 4)",
        "Brand": "Monster Energy",
        "Sales": "7,180,000.00",
        "Date": "6/30/2023"
    },
    {
        "Index": "253",
        "Shipping": "48180",
        "Department": "Beverages",
        "Category": "Energy Drinks",
        "": "",
        "Product Name": "Kill Cliff Ignite Smashing Citrus, 12oz CLEAN ENERGY DRINK",
        "Brand": "Kill Cliff",
        "Sales": "2,480,000.00",
        "Date": "6/30/2023"
    },
    {
        "Index": "254",
        "Shipping": "48180",
        "Department": "Beverages",
        "Category": "Energy Drinks",
        "": "",
        "Product Name": "Rockstar Recovery Orange with Electrolytes Energy Drink, 16 oz Can",
        "Brand": "Rockstar",
        "Sales": "1,880,000.00",
        "Date": "7/6/2023"
    },
    {
        "Index": "255",
        "Shipping": "48180",
        "Department": "Beverages",
        "Category": "Energy Drinks",
        "": "",
        "Product Name": "Monster Energy Lo-Carb, Energy Drink, 16 fl oz, 12 Pack",
        "Brand": "Monster Energy",
        "Sales": "19,980,000.00",
        "Date": "8/26/2023"
    },
    {
        "Index": "256",
        "Shipping": "48180",
        "Department": "Beverages",
        "Category": "Energy Drinks",
        "": "",
        "Product Name": "Juice Monster Pipeline Punch, Energy + Juice, 16 fl oz",
        "Brand": "Monster Energy",
        "Sales": "2,280,000.00",
        "Date": "10/9/2022"
    },
    {
        "Index": "257",
        "Shipping": "48180",
        "Department": "Beverages",
        "Category": "Energy Drinks",
        "": "",
        "Product Name": "Monster Ultra Paradise, 16 Fl Oz",
        "Brand": "Monster Energy",
        "Sales": "2,280,000.00",
        "Date": "10/11/2022"
    },
    {
        "Index": "258",
        "Shipping": "48180",
        "Department": "Beverages",
        "Category": "Energy Drinks",
        "": "",
        "Product Name": "CELSIUS Essential Energy Drink 12 Fl Oz, Sparkling Fuji Apple Pear (Single Can)",
        "Brand": "Celsius",
        "Sales": "1,980,000.00",
        "Date": "10/13/2022"
    },
    {
        "Index": "259",
        "Shipping": "48180",
        "Department": "Beverages",
        "Category": "Energy Drinks",
        "": "",
        "Product Name": "Bang Sour Heads Energy Drink with Super Creatine, 16 oz Can",
        "Brand": "Bang",
        "Sales": "2,080,000.00",
        "Date": "10/13/2022"
    },
    {
        "Index": "260",
        "Shipping": "48180",
        "Department": "Beverages",
        "Category": "Energy Drinks",
        "": "",
        "Product Name": "Red Bull Energy Drink, Blueberry, 12 Fl Oz",
        "Brand": "Red Bull",
        "Sales": "2,680,000.00",
        "Date": "10/15/2022"
    },
    {
        "Index": "261",
        "Shipping": "48180",
        "Department": "Beverages",
        "Category": "Energy Drinks",
        "": "",
        "Product Name": "Alani Nu Sugar-Free Energy Drink, Cosmic Stardust, 12 oz Cans (Pack of 6)",
        "Brand": "Alani Nu",
        "Sales": "13,980,000.00",
        "Date": "10/21/2022"
    },
    {
        "Index": "262",
        "Shipping": "48180",
        "Department": "Beverages",
        "Category": "Energy Drinks",
        "": "",
        "Product Name": "Starbucks Tripleshot Energy Mocha Extra Strength Coffee Energy Drink, 15 oz Can",
        "Brand": "Starbucks",
        "Sales": "2,980,000.00",
        "Date": "10/22/2022"
    },
    {
        "Index": "263",
        "Shipping": "48180",
        "Department": "Beverages",
        "Category": "Energy Drinks",
        "": "",
        "Product Name": "Monster Zero Ultra, 16 fl oz",
        "Brand": "Monster Energy",
        "Sales": "2,280,000.00",
        "Date": "10/23/2022"
    },
    {
        "Index": "264",
        "Shipping": "48180",
        "Department": "Beverages",
        "Category": "Energy Drinks",
        "": "",
        "Product Name": "CELSIUS Essential Energy Drink 12 Fl Oz, Sparkling Orange (Single)",
        "Brand": "Celsius",
        "Sales": "1,980,000.00",
        "Date": "11/1/2022"
    },
    {
        "Index": "265",
        "Shipping": "48180",
        "Department": "Beverages",
        "Category": "Energy Drinks",
        "": "",
        "Product Name": "Bucked Up Energy Drink, 300mg Caffeine, Mango Tango, 16 fl oz",
        "Brand": "Bucked Up",
        "Sales": "2,480,000.00",
        "Date": "11/2/2022"
    },
    {
        "Index": "266",
        "Shipping": "48180",
        "Department": "Beverages",
        "Category": "Energy Drinks",
        "": "",
        "Product Name": "Monster Energy Ultra Watermelon, Sugar Free Energy Drink, 16 fl oz, 4 Pack",
        "Brand": "Monster Energy",
        "Sales": "7,180,000.00",
        "Date": "11/6/2022"
    },
    {
        "Index": "267",
        "Shipping": "48180",
        "Department": "Beverages",
        "Category": "Energy Drinks",
        "": "",
        "Product Name": "Rockstar Original Energy Drink, 16 fl oz",
        "Brand": "Rockstar",
        "Sales": "1,880,000.00",
        "Date": "11/8/2022"
    },
    {
        "Index": "268",
        "Shipping": "48180",
        "Department": "Beverages",
        "Category": "Energy Drinks",
        "": "",
        "Product Name": "C4 Ultimate + Arctic Snow Cone + Energy Drink + Pump + Performance + 16 oz, Single Can",
        "Brand": "Cellucor",
        "Sales": "2,780,000.00",
        "Date": "11/10/2022"
    },
    {
        "Index": "269",
        "Shipping": "48180",
        "Department": "Beverages",
        "Category": "Energy Drinks",
        "": "",
        "Product Name": "CELSIUS Essential Energy Drink 12 Fl Oz, Sparkling Watermelon (Single Can)",
        "Brand": "Celsius",
        "Sales": "1,980,000.00",
        "Date": "11/28/2022"
    },
    {
        "Index": "270",
        "Shipping": "48180",
        "Department": "Beverages",
        "Category": "Energy Drinks",
        "": "",
        "Product Name": "Starbucks Doubleshot Energy White Chocolate Coffee Energy Drink, 15 oz Can",
        "Brand": "Starbucks",
        "Sales": "2,980,000.00",
        "Date": "10/17/2022"
    },
    {
        "Index": "271",
        "Shipping": "48180",
        "Department": "Beverages",
        "Category": "Energy Drinks",
        "": "",
        "Product Name": "ZOA Energy Drink, Pineapple Coconut, Zero Sugar, 16 Fl oz.",
        "Brand": "Zoa Pineapple Coconut Zero Sugar",
        "Sales": "2,280,000.00",
        "Date": "10/17/2022"
    },
    {
        "Index": "272",
        "Shipping": "48180",
        "Department": "Beverages",
        "Category": "Energy Drinks",
        "": "",
        "Product Name": "NOS High Performance Energy Drink, 16 fl oz",
        "Brand": "NOS",
        "Sales": "1,980,000.00",
        "Date": "10/18/2022"
    },
    {
        "Index": "273",
        "Shipping": "48180",
        "Department": "Beverages",
        "Category": "Energy Drinks",
        "": "",
        "Product Name": "ZOA Energy Drink, Wild Orange, Zero Sugar, 16 Fl oz.",
        "Brand": "Zoa Wild Orange Zero Sugar",
        "Sales": "2,280,000.00",
        "Date": "10/18/2022"
    },
    {
        "Index": "274",
        "Shipping": "48180",
        "Department": "Beverages",
        "Category": "Energy Drinks",
        "": "",
        "Product Name": "Starbucks Tripleshot Energy Caramel Extra Strength Coffee Energy Drink, 15 oz Can",
        "Brand": "Starbucks",
        "Sales": "2,980,000.00",
        "Date": "11/9/2022"
    },
    {
        "Index": "275",
        "Shipping": "48180",
        "Department": "Beverages",
        "Category": "Energy Drinks",
        "": "",
        "Product Name": "Starbucks Tripleshot Energy Zero Sugar Vanilla Extra Strength Coffee Energy Drink 15 oz Can",
        "Brand": "Starbucks",
        "Sales": "2,980,000.00",
        "Date": "11/9/2022"
    },
    {
        "Index": "276",
        "Shipping": "48180",
        "Department": "Beverages",
        "Category": "Energy Drinks",
        "": "",
        "Product Name": "Starbucks Tripleshot Energy French Vanilla Extra Strength Coffee Energy Drink, 15 oz Can",
        "Brand": "Starbucks",
        "Sales": "2,980,000.00",
        "Date": "11/11/2022"
    },
    {
        "Index": "277",
        "Shipping": "48180",
        "Department": "Beverages",
        "Category": "Energy Drinks",
        "": "",
        "Product Name": "Red Bull Energy Drink, Sugar Free, 12 Fl Oz",
        "Brand": "Red Bull",
        "Sales": "2,680,000.00",
        "Date": "11/11/2022"
    },
    {
        "Index": "278",
        "Shipping": "48180",
        "Department": "Beverages",
        "Category": "Energy Drinks",
        "": "",
        "Product Name": "Starbucks Doubleshot Energy Mocha Coffee Energy Drink, 15 oz Can",
        "Brand": "Starbucks",
        "Sales": "2,980,000.00",
        "Date": "11/11/2022"
    },
    {
        "Index": "279",
        "Shipping": "48180",
        "Department": "Beverages",
        "Category": "Energy Drinks",
        "": "",
        "Product Name": "Celsius Sparkling Energy Drink  No Sugar or Preservatives  Orange (4 Drinks, 12 Fl Oz. Each)",
        "Brand": "Celsius",
        "Sales": "6,680,000.00",
        "Date": "12/16/2022"
    },
    {
        "Index": "280",
        "Shipping": "48180",
        "Department": "Beverages",
        "Category": "Energy Drinks",
        "": "",
        "Product Name": "Malta Goya Malt Beverage, 7 fl oz, 10 count",
        "Brand": "Malta GOYA",
        "Sales": "6,440,000.00",
        "Date": "12/30/2022"
    },
    {
        "Index": "281",
        "Shipping": "48180",
        "Department": "Beverages",
        "Category": "Energy Drinks",
        "": "",
        "Product Name": "Kill Cliff Ignite Cherry Lime Grenade, 12oz CLEAN ENERGY DRINK",
        "Brand": "Kill Cliff",
        "Sales": "2,480,000.00",
        "Date": "1/5/2023"
    },
    {
        "Index": "282",
        "Shipping": "48180",
        "Department": "Beverages",
        "Category": "Energy Drinks",
        "": "",
        "Product Name": "Bucked Up Big Game Energy Drink, Sour Gummy, 16 fl oz, 150 mg Caffeine",
        "Brand": "Bucked Up",
        "Sales": "2,480,000.00",
        "Date": "1/7/2023"
    },
    {
        "Index": "283",
        "Shipping": "48180",
        "Department": "Beverages",
        "Category": "Energy Drinks",
        "": "",
        "Product Name": "POWERADE Zero Sugar Fruit Punch, ION4 Electrolyte Enhanced Fruit Flavored Zero Sugar Zero Calorie Sports Drink, 20 fl oz, 8 Pack",
        "Brand": "Powerade",
        "Sales": "5,280,000.00",
        "Date": "1/7/2023"
    },
    {
        "Index": "284",
        "Shipping": "96797",
        "Department": "Baking",
        "Category": "Oils & Shortening",
        "": "",
        "Product Name": "California Olive Ranch 100% California Medium Extra Virgin Olive Oil, 16.9 fl oz",
        "Brand": "California Olive Ranch",
        "Sales": "11,960,000.00",
        "Date": "1/28/2023"
    },
    {
        "Index": "285",
        "Shipping": "96797",
        "Department": "Baking",
        "Category": "Oils & Shortening",
        "": "",
        "Product Name": "Orville Redenbacher's Popping & Topping Buttery Flavored Oil, 16 Oz",
        "Brand": "Orville Redenbacher's",
        "Sales": "5,230,000.00",
        "Date": "1/28/2023"
    },
    {
        "Index": "286",
        "Shipping": "96797",
        "Department": "Baking",
        "Category": "Oils & Shortening",
        "": "",
        "Product Name": "Bertolli Extra Light Tasting Olive Oil, 25.36 fl oz",
        "Brand": "Bertolli",
        "Sales": "8,420,000.00",
        "Date": "1/29/2023"
    },
    {
        "Index": "287",
        "Shipping": "96797",
        "Department": "Baking",
        "Category": "Oils & Shortening",
        "": "",
        "Product Name": "LouAna Peanut Oil, 128.0 FL OZ",
        "Brand": "LouAna",
        "Sales": "23,940,000.00",
        "Date": "9/30/2023"
    },
    {
        "Index": "288",
        "Shipping": "96797",
        "Department": "Baking",
        "Category": "Oils & Shortening",
        "": "",
        "Product Name": "Pompeian Smooth Extra Virgin Olive Oil - 32 fl oz",
        "Brand": "Pompeian",
        "Sales": "10,440,000.00",
        "Date": "9/30/2023"
    },
    {
        "Index": "289",
        "Shipping": "96797",
        "Department": "Baking",
        "Category": "Oils & Shortening",
        "": "",
        "Product Name": "Great Value Refined Avocado Oil, 25.5 fl oz",
        "Brand": "Great Value",
        "Sales": "10,300,000.00",
        "Date": "10/2/2023"
    },
    {
        "Index": "290",
        "Shipping": "96797",
        "Department": "Baking",
        "Category": "Oils & Shortening",
        "": "",
        "Product Name": "California Olive Ranch Medium Smooth & Balanced Extra Virgin Olive Oil, 47.3 fl oz",
        "Brand": "California Olive Ranch",
        "Sales": "18,000,000.00",
        "Date": "10/2/2023"
    },
    {
        "Index": "291",
        "Shipping": "96797",
        "Department": "Baking",
        "Category": "Oils & Shortening",
        "": "",
        "Product Name": "Great Value Organic Unrefined Virgin Coconut Oil, 29 fl oz",
        "Brand": "Great Value",
        "Sales": "12,620,000.00",
        "Date": "9/16/2023"
    },
    {
        "Index": "292",
        "Shipping": "96797",
        "Department": "Baking",
        "Category": "Oils & Shortening",
        "": "",
        "Product Name": "Great Value Light Tasting Olive Oil, 25.5 fl oz",
        "Brand": "Great Value",
        "Sales": "8,300,000.00",
        "Date": "8/23/2023"
    },
    {
        "Index": "293",
        "Shipping": "96797",
        "Department": "Baking",
        "Category": "Oils & Shortening",
        "": "",
        "Product Name": "Pompeian Robust Extra Virgin Olive Oil - 32 fl oz",
        "Brand": "Pompeian",
        "Sales": "10,680,000.00",
        "Date": "12/30/2022"
    },
    {
        "Index": "294",
        "Shipping": "96797",
        "Department": "Baking",
        "Category": "Oils & Shortening",
        "": "",
        "Product Name": "Pompeian Robust Extra Virgin Olive Oil - 68 fl oz",
        "Brand": "Pompeian",
        "Sales": "19,120,000.00",
        "Date": "9/28/2022"
    },
    {
        "Index": "295",
        "Shipping": "96797",
        "Department": "Baking",
        "Category": "Oils & Shortening",
        "": "",
        "Product Name": "Great Value Classic Olive Oil, 51 fl oz",
        "Brand": "Great Value",
        "Sales": "14,680,000.00",
        "Date": "3/29/2023"
    },
    {
        "Index": "296",
        "Shipping": "96797",
        "Department": "Baking",
        "Category": "Oils & Shortening",
        "": "",
        "Product Name": "La Tourangelle Organic Sun Coco Oil, 25.4 Fl Oz, Blend of Organic Sunflower Oil and Coconut Oil",
        "Brand": "La Tourangelle",
        "Sales": "11,920,000.00",
        "Date": "3/29/2023"
    },
    {
        "Index": "297",
        "Shipping": "96797",
        "Department": "Baking",
        "Category": "Oils & Shortening",
        "": "",
        "Product Name": "Carrington Farms Organic Coconut Cooking Oil, 32 fl oz",
        "Brand": "Carrington Farms",
        "Sales": "18,780,000.00",
        "Date": "3/29/2023"
    },
    {
        "Index": "298",
        "Shipping": "96797",
        "Department": "Baking",
        "Category": "Oils & Shortening",
        "": "",
        "Product Name": "Pompeian Organic Robust Extra Virgin Olive Oil - 48 fl oz",
        "Brand": "Pompeian",
        "Sales": "17,840,000.00",
        "Date": "3/29/2023"
    },
    {
        "Index": "299",
        "Shipping": "96797",
        "Department": "Baking",
        "Category": "Oils & Shortening",
        "": "",
        "Product Name": "Carrington Farms Hemp Oil, 12oz",
        "Brand": "Carrington Farms",
        "Sales": "12,620,000.00",
        "Date": "3/30/2023"
    },
    {
        "Index": "300",
        "Shipping": "96797",
        "Department": "Baking",
        "Category": "Oils & Shortening",
        "": "",
        "Product Name": "GEM Extra Virgin Olive Oil for Seasoning and Finishing, 8.5 fl oz",
        "Brand": "GEM",
        "Sales": "2,960,000.00",
        "Date": "3/30/2023"
    },
    {
        "Index": "301",
        "Shipping": "79936",
        "Department": "Deli",
        "Category": "Fresh Soups & Salads",
        "": "",
        "Product Name": "Marketside Spinach Dijon Salad, 4.9 oz",
        "Brand": "Fresh Express",
        "Sales": "3,470,000.00",
        "Date": "3/30/2023"
    },
    {
        "Index": "302",
        "Shipping": "96797",
        "Department": "Baking",
        "Category": "Oils & Shortening",
        "": "",
        "Product Name": "Spectrum Organic Unrefined Virgin Coconut Oil, 14 fl oz Jar",
        "Brand": "Spectrum Naturals",
        "Sales": "10,140,000.00",
        "Date": "3/30/2023"
    },
    {
        "Index": "303",
        "Shipping": "79936",
        "Department": "Deli",
        "Category": "Fresh Soups & Salads",
        "": "",
        "Product Name": "Santa Barbara Bay Crab Salad, 14 oz",
        "Brand": "Santa Barbara Bay",
        "Sales": "5,320,000.00",
        "Date": "3/31/2023"
    },
    {
        "Index": "304",
        "Shipping": "79936",
        "Department": "Deli",
        "Category": "Fresh Soups & Salads",
        "": "",
        "Product Name": "Marketside BLT Salad with Turkey & Uncured Bacon, 6.81 oz",
        "Brand": "Marketside",
        "Sales": "4,280,000.00",
        "Date": "12/5/2023"
    },
    {
        "Index": "305",
        "Shipping": "96797",
        "Department": "Baking",
        "Category": "Oils & Shortening",
        "": "",
        "Product Name": "California Olive Ranch Global Blend Extra Virgin Olive Oil, Medium, 25.4 fl oz",
        "Brand": "California Olive Ranch",
        "Sales": "10,830,000.00",
        "Date": "7/5/2023"
    },
    {
        "Index": "306",
        "Shipping": "79936",
        "Department": "Deli",
        "Category": "Fresh Soups & Salads",
        "": "",
        "Product Name": "Freshness Guaranteed Mustard Potato Salad, 32 oz",
        "Brand": "Wal-Mart Deli",
        "Sales": "3,940,000.00",
        "Date": "8/12/2023"
    },
    {
        "Index": "307",
        "Shipping": "96797",
        "Department": "Baking",
        "Category": "Oils & Shortening",
        "": "",
        "Product Name": "Great Value Corn Oil, 1 gal",
        "Brand": "Great Value",
        "Sales": "13,140,000.00",
        "Date": "8/1/2023"
    },
    {
        "Index": "308",
        "Shipping": "79936",
        "Department": "Deli",
        "Category": "Fresh Soups & Salads",
        "": "",
        "Product Name": "Taylor Farms Fiesta (Deli Salad Bowl)",
        "Brand": "Taylor Farms",
        "Sales": "3,470,000.00",
        "Date": "9/3/2023"
    },
    {
        "Index": "309",
        "Shipping": "96797",
        "Department": "Baking",
        "Category": "Oils & Shortening",
        "": "",
        "Product Name": "Terra Delyssa Extra Virgin Olive Oil, 34 fl oz Glass",
        "Brand": "Terra Delyssa",
        "Sales": "10,680,000.00",
        "Date": "10/22/2023"
    },
    {
        "Index": "310",
        "Shipping": "79936",
        "Department": "Deli",
        "Category": "Fresh Soups & Salads",
        "": "",
        "Product Name": "Marketside Southwest Style Salad with Chicken, (Fresh Deli Salad)",
        "Brand": "Marketside",
        "Sales": "4,470,000.00",
        "Date": "7/10/2023"
    },
    {
        "Index": "311",
        "Shipping": "79936",
        "Department": "Deli",
        "Category": "Fresh Soups & Salads",
        "": "",
        "Product Name": "Marketside Farmhouse Salad with Chicken & Bacon, (Fresh Deli Salad)",
        "Brand": "Marketside",
        "Sales": "5,470,000.00",
        "Date": "5/12/2023"
    },
    {
        "Index": "312",
        "Shipping": "96797",
        "Department": "Baking",
        "Category": "Oils & Shortening",
        "": "",
        "Product Name": "Great Value Extra Virgin Olive Oil, 51 fl oz",
        "Brand": "Great Value",
        "Sales": "11,900,000.00",
        "Date": "3/15/2023"
    },
    {
        "Index": "313",
        "Shipping": "79936",
        "Department": "Deli",
        "Category": "Fresh Soups & Salads",
        "": "",
        "Product Name": "Ready Pac Foods Bistro Chicken Queso Fresco Salad with Creamy Avocado Dressing, 6.5 oz",
        "Brand": "Ready Pac Foods",
        "Sales": "3,470,000.00",
        "Date": "9/21/2023"
    },
    {
        "Index": "314",
        "Shipping": "96797",
        "Department": "Baking",
        "Category": "Oils & Shortening",
        "": "",
        "Product Name": "DCOOP Story Bottle Extra Virgin Olive Oil, 17 fl oz",
        "Brand": "DCOOP",
        "Sales": "8,680,000.00",
        "Date": "6/12/2023"
    },
    {
        "Index": "315",
        "Shipping": "79936",
        "Department": "Deli",
        "Category": "Fresh Soups & Salads",
        "": "",
        "Product Name": "Marketside Caesar Salad Kit, 11.55 oz",
        "Brand": "Marketside",
        "Sales": "3,980,000.00",
        "Date": "2/27/2023"
    },
    {
        "Index": "316",
        "Shipping": "96797",
        "Department": "Baking",
        "Category": "Oils & Shortening",
        "": "",
        "Product Name": "California Olive Ranch Global Blend Extra Virgin Olive Oil, 16.9 fl oz",
        "Brand": "California Olive Ranch",
        "Sales": "8,000,000.00",
        "Date": "7/6/2023"
    },
    {
        "Index": "317",
        "Shipping": "79936",
        "Department": "Deli",
        "Category": "Fresh Soups & Salads",
        "": "",
        "Product Name": "Marketside Southwest Style Salad With Chicken, 11.75 oz",
        "Brand": "Marketside",
        "Sales": "5,340,000.00",
        "Date": "12/1/2023"
    },
    {
        "Index": "318",
        "Shipping": "79936",
        "Department": "Deli",
        "Category": "Fresh Soups & Salads",
        "": "",
        "Product Name": "Marketside Chef Salad with Ham (Fresh Deli Salad)",
        "Brand": "Marketside",
        "Sales": "4,470,000.00",
        "Date": "11/8/2023"
    },
    {
        "Index": "319",
        "Shipping": "96797",
        "Department": "Baking",
        "Category": "Oils & Shortening",
        "": "",
        "Product Name": "StarKist Selects E.V.O.O. Yellowfin Tuna in Extra Virgin Olive Oil - 2.6 oz Pouch",
        "Brand": "StarKist",
        "Sales": "2,460,000.00",
        "Date": "9/3/2023"
    },
    {
        "Index": "320",
        "Shipping": "79936",
        "Department": "Deli",
        "Category": "Fresh Soups & Salads",
        "": "",
        "Product Name": "Freshness Guaranteed Original Potato Salad, 16 oz",
        "Brand": "Wal-Mart Deli",
        "Sales": "2,740,000.00",
        "Date": "10/21/2023"
    },
    {
        "Index": "321",
        "Shipping": "96797",
        "Department": "Baking",
        "Category": "Oils & Shortening",
        "": "",
        "Product Name": "BetterBody Foods Refined Almond Oil High Smoke Point, 16.9 Fl Oz",
        "Brand": "BetterBody Foods",
        "Sales": "9,140,000.00",
        "Date": "11/18/2022"
    },
    {
        "Index": "322",
        "Shipping": "79936",
        "Department": "Deli",
        "Category": "Fresh Soups & Salads",
        "": "",
        "Product Name": "Marketside Classic Iceberg Salad, 12 oz",
        "Brand": "Marketside",
        "Sales": "1,780,000.00",
        "Date": "6/9/2023"
    },
    {
        "Index": "323",
        "Shipping": "79936",
        "Department": "Deli",
        "Category": "Fresh Soups & Salads",
        "": "",
        "Product Name": "Marketside Sunflower Bacon Crunch Chopped Salad Kit, 10.6 oz",
        "Brand": "Marketside",
        "Sales": "3,980,000.00",
        "Date": "9/5/2023"
    },
    {
        "Index": "324",
        "Shipping": "96797",
        "Department": "Baking",
        "Category": "Oils & Shortening",
        "": "",
        "Product Name": "Carapelli Oro Verde Extra Virgin Olive Oil: First Cold-Pressed EVOO, 25.36 fl oz (750ml)",
        "Brand": "Carapelli",
        "Sales": "11,470,000.00",
        "Date": "1/13/2023"
    },
    {
        "Index": "325",
        "Shipping": "79936",
        "Department": "Deli",
        "Category": "Fresh Soups & Salads",
        "": "",
        "Product Name": "Ready Pac Foods Bistro Chopped Kickin' BBQ Style Salad with BBQ Ranch Dressing, 7 oz",
        "Brand": "Marketside",
        "Sales": "3,470,000.00",
        "Date": "2/3/2023"
    },
    {
        "Index": "326",
        "Shipping": "96797",
        "Department": "Baking",
        "Category": "Oils & Shortening",
        "": "",
        "Product Name": "Spectrum Organic Refined Coconut Oil, 14 fl oz Jar",
        "Brand": "Spectrum Culinary",
        "Sales": "8,980,000.00",
        "Date": "4/14/2023"
    },
    {
        "Index": "327",
        "Shipping": "79936",
        "Department": "Deli",
        "Category": "Fresh Soups & Salads",
        "": "",
        "Product Name": "Marketside Asian Chopped Salad Kit, 10.6 oz",
        "Brand": "Marketside",
        "Sales": "3,980,000.00",
        "Date": "6/9/2023"
    },
    {
        "Index": "328",
        "Shipping": "79936",
        "Department": "Deli",
        "Category": "Fresh Soups & Salads",
        "": "",
        "Product Name": "Marketside Premium Romaine Salad, 18 oz",
        "Brand": "Marketside",
        "Sales": "4,520,000.00",
        "Date": "11/4/2023"
    },
    {
        "Index": "329",
        "Shipping": "96797",
        "Department": "Baking",
        "Category": "Oils & Shortening",
        "": "",
        "Product Name": "Great Value Organic Extra Virgin Olive Oil, 25.5 fl oz",
        "Brand": "Great Value Organic",
        "Sales": "8,540,000.00",
        "Date": "1/25/2023"
    },
    {
        "Index": "330",
        "Shipping": "79936",
        "Department": "Deli",
        "Category": "Fresh Soups & Salads",
        "": "",
        "Product Name": "Marketside Caesar Chopped Salad Kit, 8.8 oz",
        "Brand": "Marketside",
        "Sales": "3,980,000.00",
        "Date": "9/5/2023"
    },
    {
        "Index": "331",
        "Shipping": "96797",
        "Department": "Baking",
        "Category": "Oils & Shortening",
        "": "",
        "Product Name": "Pompeian Organic Robust Extra Virgin Olive Oil - 16 fl oz",
        "Brand": "Pompeian",
        "Sales": "7,470,000.00",
        "Date": "10/4/2023"
    },
    {
        "Index": "332",
        "Shipping": "79936",
        "Department": "Deli",
        "Category": "Fresh Soups & Salads",
        "": "",
        "Product Name": "Taylor Farms Screaming Hot Salad with Chicken, (Deli Salad Bowl)",
        "Brand": "Taylor Farms",
        "Sales": "3,470,000.00",
        "Date": "12/13/2023"
    },
    {
        "Index": "333",
        "Shipping": "79936",
        "Department": "Deli",
        "Category": "Fresh Soups & Salads",
        "": "",
        "Product Name": "Freshness Guaranteed Mustard Potato Salad, 16 oz",
        "Brand": "Walmart Deli",
        "Sales": "2,740,000.00",
        "Date": "6/22/2023"
    },
    {
        "Index": "334",
        "Shipping": "96797",
        "Department": "Baking",
        "Category": "Oils & Shortening",
        "": "",
        "Product Name": "Carapelli Unfiltered Organic Extra Virgin Olive Oil: First Cold-Pressed EVOO, 25.36 fl oz (750ml)",
        "Brand": "Carapelli",
        "Sales": "12,820,000.00",
        "Date": "6/11/2023"
    },
    {
        "Index": "335",
        "Shipping": "79936",
        "Department": "Deli",
        "Category": "Fresh Soups & Salads",
        "": "",
        "Product Name": "Marketside Avocado Ranch Chopped Salad Kit, 10.3 oz",
        "Brand": "Marketside",
        "Sales": "3,980,000.00",
        "Date": "5/23/2023"
    },
    {
        "Index": "336",
        "Shipping": "96797",
        "Department": "Baking",
        "Category": "Oils & Shortening",
        "": "",
        "Product Name": "Bertolli Extra Virgin Olive Oil Organic, 25.36 fl oz",
        "Brand": "Bertolli",
        "Sales": "9,760,000.00",
        "Date": "6/19/2023"
    },
    {
        "Index": "337",
        "Shipping": "79936",
        "Department": "Deli",
        "Category": "Fresh Soups & Salads",
        "": "",
        "Product Name": "Marketside Southwest Chopped Salad Kit, 10.3 oz",
        "Brand": "Marketside",
        "Sales": "3,980,000.00",
        "Date": "12/18/2022"
    },
    {
        "Index": "338",
        "Shipping": "96797",
        "Department": "Baking",
        "Category": "Oils & Shortening",
        "": "",
        "Product Name": "Carrington Farms Organic Flax Cooking Oil,16 oz",
        "Brand": "Carrington Farms",
        "Sales": "13,780,000.00",
        "Date": "3/5/2023"
    },
    {
        "Index": "339",
        "Shipping": "79936",
        "Department": "Deli",
        "Category": "Fresh Soups & Salads",
        "": "",
        "Product Name": "Marketside Angel Hair Cole Slaw, 10 oz",
        "Brand": "Marketside",
        "Sales": "1,780,000.00",
        "Date": "12/12/2022"
    },
    {
        "Index": "340",
        "Shipping": "79936",
        "Department": "Deli",
        "Category": "Fresh Soups & Salads",
        "": "",
        "Product Name": "Freshness Guaranteed BBQ Baked Beans with Brisket, 32 oz",
        "Brand": "Freshness Guaranteed",
        "Sales": "7,970,000.00",
        "Date": "12/15/2022"
    },
    {
        "Index": "341",
        "Shipping": "96797",
        "Department": "Baking",
        "Category": "Oils & Shortening",
        "": "",
        "Product Name": "Pompeian Smooth Extra Virgin Olive Oil - 68 fl oz",
        "Brand": "Pompeian",
        "Sales": "18,000,000.00",
        "Date": "12/15/2022"
    },
    {
        "Index": "342",
        "Shipping": "79936",
        "Department": "Deli",
        "Category": "Fresh Soups & Salads",
        "": "",
        "Product Name": "Marketside Caesar Salad with Chicken, 12 oz",
        "Brand": "Marketside",
        "Sales": "5,340,000.00",
        "Date": "12/15/2022"
    },
    {
        "Index": "343",
        "Shipping": "96797",
        "Department": "Baking",
        "Category": "Oils & Shortening",
        "": "",
        "Product Name": "Great Value Organic Unrefined Virgin Coconut Oil, 54 fl oz",
        "Brand": "Great Value",
        "Sales": "23,630,000.00",
        "Date": "12/17/2022"
    },
    {
        "Index": "344",
        "Shipping": "79936",
        "Department": "Deli",
        "Category": "Fresh Soups & Salads",
        "": "",
        "Product Name": "Marketside Kale Pecan Cranberry Chopped Salad Kit, 7 oz",
        "Brand": "Marketside",
        "Sales": "3,980,000.00",
        "Date": "12/19/2022"
    },
    {
        "Index": "345",
        "Shipping": "96797",
        "Department": "Baking",
        "Category": "Oils & Shortening",
        "": "",
        "Product Name": "Roland Black Truffle Oil, 3.4 fl oz",
        "Brand": "Roland",
        "Sales": "11,970,000.00",
        "Date": "12/20/2022"
    },
    {
        "Index": "346",
        "Shipping": "79936",
        "Department": "Deli",
        "Category": "Fresh Soups & Salads",
        "": "",
        "Product Name": "Marketside Caesar Salad Kit Family Size, 17.8 oz",
        "Brand": "Marketside",
        "Sales": "4,980,000.00",
        "Date": "12/20/2022"
    },
    {
        "Index": "347",
        "Shipping": "79936",
        "Department": "Deli",
        "Category": "Fresh Soups & Salads",
        "": "",
        "Product Name": "Marketside Bacon Ranch Crunch Chopped Salad Kit, 9.76 oz",
        "Brand": "Marketside",
        "Sales": "3,980,000.00",
        "Date": "1/11/2023"
    },
    {
        "Index": "348",
        "Shipping": "96797",
        "Department": "Baking",
        "Category": "Oils & Shortening",
        "": "",
        "Product Name": "Gaea Extra Virgin Olive Oil 17 oz",
        "Brand": "Gaea",
        "Sales": "10,660,000.00",
        "Date": "12/15/2023"
    },
    {
        "Index": "349",
        "Shipping": "79936",
        "Department": "Deli",
        "Category": "Fresh Soups & Salads",
        "": "",
        "Product Name": "Taylor Farms Maple Bourbon Bacon Chopped Salad Kit, 12.8 oz",
        "Brand": "Taylor Farms",
        "Sales": "3,980,000.00",
        "Date": "12/20/2023"
    },
    {
        "Index": "350",
        "Shipping": "96797",
        "Department": "Baking",
        "Category": "Oils & Shortening",
        "": "",
        "Product Name": "La Tourangelle, Roasted Walnut Oil, 16.9 fl oz (500 ml)",
        "Brand": "La Tourangelle",
        "Sales": "11,920,000.00",
        "Date": "6/3/2023"
    },
    {
        "Index": "351",
        "Shipping": "79936",
        "Department": "Deli",
        "Category": "Fresh Soups & Salads",
        "": "",
        "Product Name": "Marketside Cherry Almond Gorgonzola Chopped Salad Kit, 10.7 oz",
        "Brand": "Marketside",
        "Sales": "3,980,000.00",
        "Date": "6/28/2023"
    },
    {
        "Index": "352",
        "Shipping": "96797",
        "Department": "Baking",
        "Category": "Oils & Shortening",
        "": "",
        "Product Name": "Newman's Own Organics Extra Virgin Olive Oil, 16.9 fl oz",
        "Brand": "Newman's Own Organics",
        "Sales": "10,640,000.00",
        "Date": "6/16/2023"
    },
    {
        "Index": "353",
        "Shipping": "79936",
        "Department": "Deli",
        "Category": "Fresh Soups & Salads",
        "": "",
        "Product Name": "Bumble Bee Tuna Salad Sandwich in Seconds, 2.5 oz Pouch",
        "Brand": "Bumble Bee",
        "Sales": "1,080,000.00",
        "Date": "10/3/2023"
    },
    {
        "Index": "354",
        "Shipping": "79936",
        "Department": "Deli",
        "Category": "Fresh Soups & Salads",
        "": "",
        "Product Name": "Marketside Classic Iceberg Salad, 24 oz",
        "Brand": "Marketside",
        "Sales": "2,980,000.00",
        "Date": "8/7/2023"
    },
    {
        "Index": "355",
        "Shipping": "96797",
        "Department": "Baking",
        "Category": "Oils & Shortening",
        "": "",
        "Product Name": "Partanna Asaro Sicily Grown Extra Virgin Olive Oil, 25.5 fl oz",
        "Brand": "Partanna",
        "Sales": "12,800,000.00",
        "Date": "4/15/2023"
    },
    {
        "Index": "356",
        "Shipping": "79936",
        "Department": "Deli",
        "Category": "Fresh Soups & Salads",
        "": "",
        "Product Name": "Bumble Bee Snack On The Run Ham Salad with Crackers Kit, 3.5 oz",
        "Brand": "Bumble Bee",
        "Sales": "1,760,000.00",
        "Date": "11/5/2023"
    },
    {
        "Index": "357",
        "Shipping": "79936",
        "Department": "Deli",
        "Category": "Fresh Soups & Salads",
        "": "",
        "Product Name": "Marketside Baby Greens Salad, 6 Ounce",
        "Brand": "Marketside",
        "Sales": "2,730,000.00",
        "Date": "9/20/2022"
    },
    {
        "Index": "358",
        "Shipping": "79936",
        "Department": "Deli",
        "Category": "Fresh Soups & Salads",
        "": "",
        "Product Name": "Eat Smart Sweet Kale Vegetable Salad Kit, 12 oz",
        "Brand": "Marketside",
        "Sales": "3,980,000.00",
        "Date": "12/9/2023"
    },
    {
        "Index": "359",
        "Shipping": "79936",
        "Department": "Deli",
        "Category": "Fresh Soups & Salads",
        "": "",
        "Product Name": "Freshness Guaranteed Sliced Redskin Potato Salad, 32 oz",
        "Brand": "Freshness Guaranteed",
        "Sales": "5,470,000.00",
        "Date": "12/16/2023"
    },
    {
        "Index": "360",
        "Shipping": "79936",
        "Department": "Deli",
        "Category": "Fresh Soups & Salads",
        "": "",
        "Product Name": "Marketside Sunflower Bacon Crunch Chopped Salad Kit Family Size, 15.8 oz",
        "Brand": "Marketside",
        "Sales": "4,980,000.00",
        "Date": "10/22/2023"
    },
    {
        "Index": "361",
        "Shipping": "79936",
        "Department": "Deli",
        "Category": "Fresh Soups & Salads",
        "": "",
        "Product Name": "Taylor Farms Family Size Sweet Kale Chopped Salad Kit, 22oz, Vegetarian, Gluten Free",
        "Brand": "Taylor Farms",
        "Sales": "4,980,000.00",
        "Date": "5/19/2023"
    },
    {
        "Index": "362",
        "Shipping": "79936",
        "Department": "Deli",
        "Category": "Fresh Soups & Salads",
        "": "",
        "Product Name": "Taylor Farms Mediterranean Crunch Chopped Salad Kit, 10.89 oz, Vegetarian, Soybean Free",
        "Brand": "Taylor Farms",
        "Sales": "3,980,000.00",
        "Date": "8/12/2023"
    },
    {
        "Index": "363",
        "Shipping": "48180",
        "Department": "Beverages",
        "Category": "Energy Drinks",
        "": "",
        "Product Name": "C4 Ultimate + Fruit Punch + Energy Drink + Pump + Performance + 16 oz, Single Can",
        "Brand": "Cellucor",
        "Sales": "2,780,000.00",
        "Date": "1/10/2023"
    },
    {
        "Index": "364",
        "Shipping": "48180",
        "Department": "Beverages",
        "Category": "Energy Drinks",
        "": "",
        "Product Name": "Rowdy Energy, Peach Mango, Sugar Free Energy Drink, 16 oz",
        "Brand": "Rowdy Energy",
        "Sales": "1,980,000.00",
        "Date": "11/11/2023"
    },
    {
        "Index": "365",
        "Shipping": "48180",
        "Department": "Beverages",
        "Category": "Energy Drinks",
        "": "",
        "Product Name": "ZOA Energy Drink, Tropical Punch, Zero Sugar, 16 Fl oz.",
        "Brand": "ZOA Energy",
        "Sales": "2,280,000.00",
        "Date": "10/20/2023"
    },
    {
        "Index": "366",
        "Shipping": "48180",
        "Department": "Beverages",
        "Category": "Energy Drinks",
        "": "",
        "Product Name": "VOOZ Wyldin Watermelon 16oz 12pk",
        "Brand": "Vooz",
        "Sales": "1,880,000.00",
        "Date": "2/27/2023"
    },
    {
        "Index": "367",
        "Shipping": "48180",
        "Department": "Beverages",
        "Category": "Energy Drinks",
        "": "",
        "Product Name": "Java Monster Nitro Cold Brew Latte, Coffee + Energy Drink, 13.5 fl oz",
        "Brand": "Monster Energy",
        "Sales": "2,500,000.00",
        "Date": "10/23/2022"
    },
    {
        "Index": "368",
        "Shipping": "48180",
        "Department": "Beverages",
        "Category": "Energy Drinks",
        "": "",
        "Product Name": "Bang Keto Coffee Mocha Madness High Protein Energy Drink, 15 oz Can",
        "Brand": "Bang",
        "Sales": "2,980,000.00",
        "Date": "9/7/2023"
    },
    {
        "Index": "369",
        "Shipping": "48180",
        "Department": "Beverages",
        "Category": "Energy Drinks",
        "": "",
        "Product Name": "Monster Zero Ultra, 12 fl oz, 6 Pack",
        "Brand": "Monster Energy",
        "Sales": "10,480,000.00",
        "Date": "3/31/2023"
    },
    {
        "Index": "370",
        "Shipping": "48180",
        "Department": "Beverages",
        "Category": "Energy Drinks",
        "": "",
        "Product Name": "ZOA Energy Drink, Super Berry, Zero Sugar, 16 Fl oz.",
        "Brand": "ZOA",
        "Sales": "2,280,000.00",
        "Date": "6/18/2023"
    },
    {
        "Index": "371",
        "Shipping": "48180",
        "Department": "Beverages",
        "Category": "Energy Drinks",
        "": "",
        "Product Name": "Starbucks Doubleshot Energy Mocha Coffee Energy Drink, 11 oz, 4 Pack Cans",
        "Brand": "Starbucks",
        "Sales": "6,980,000.00",
        "Date": "6/25/2023"
    },
    {
        "Index": "372",
        "Shipping": "48180",
        "Department": "Beverages",
        "Category": "Energy Drinks",
        "": "",
        "Product Name": "Red Bull Energy Drink, 20 Fl Oz",
        "Brand": "Red Bull",
        "Sales": "4,300,000.00",
        "Date": "8/17/2023"
    },
    {
        "Index": "373",
        "Shipping": "48180",
        "Department": "Beverages",
        "Category": "Energy Drinks",
        "": "",
        "Product Name": "5-hour ENERGY  Shot, Regular Strength, Berry, 1.93 oz., 6 Count",
        "Brand": "5-Hour Energy",
        "Sales": "12,480,000.00",
        "Date": "3/17/2023"
    },
    {
        "Index": "374",
        "Shipping": "48180",
        "Department": "Beverages",
        "Category": "Energy Drinks",
        "": "",
        "Product Name": "BCAA Powder - Evlution Nutrition Pre Workout BCAA Energy Powder 30 Servings - EVL BCAA Amino Acids Endurance & Muscle Recovery Drink - Fruit Punch Flavor with Vitamin B12 & Vitamin C",
        "Brand": "Evlution Nutrition",
        "Sales": "17,860,000.00",
        "Date": "7/18/2023"
    },
    {
        "Index": "375",
        "Shipping": "48180",
        "Department": "Beverages",
        "Category": "Energy Drinks",
        "": "",
        "Product Name": "5-hour ENERGY Shot, Extra Strength, Berry, 1.93 oz",
        "Brand": "5-Hour Energy",
        "Sales": "2,980,000.00",
        "Date": "9/8/2023"
    },
    {
        "Index": "376",
        "Shipping": "48180",
        "Department": "Beverages",
        "Category": "Energy Drinks",
        "": "",
        "Product Name": "Java Monster Nitro Cold Brew Sweet Black, Coffee + Energy Drink, 13.5 fl oz",
        "Brand": "Monster Energy",
        "Sales": "2,500,000.00",
        "Date": "10/14/2023"
    },
    {
        "Index": "377",
        "Shipping": "48180",
        "Department": "Beverages",
        "Category": "Energy Drinks",
        "": "",
        "Product Name": "Red Bull Energy Drink, 8.4 Fl Oz",
        "Brand": "Red Bull",
        "Sales": "2,180,000.00",
        "Date": "11/5/2022"
    },
    {
        "Index": "378",
        "Shipping": "48180",
        "Department": "Beverages",
        "Category": "Energy Drinks",
        "": "",
        "Product Name": "CELSIUS Essential Energy Drink 12 Fl Oz, Peach Mango Green Tea (Single)",
        "Brand": "Celsius",
        "Sales": "1,980,000.00",
        "Date": "11/6/2022"
    },
    {
        "Index": "379",
        "Shipping": "48180",
        "Department": "Beverages",
        "Category": "Energy Drinks",
        "": "",
        "Product Name": "Stacker 2 B12 10,000% Energy Shot Acai Pomegranate, 2 fl oz, 6 count",
        "Brand": "NVE Pharmaceuticals",
        "Sales": "5,120,000.00",
        "Date": "12/27/2022"
    },
    {
        "Index": "380",
        "Shipping": "48180",
        "Department": "Beverages",
        "Category": "Energy Drinks",
        "": "",
        "Product Name": "Monster Energy Lo-Carb, Energy Drink, 16 fl oz",
        "Brand": "Monster Energy",
        "Sales": "2,280,000.00",
        "Date": "2/2/2023"
    },
    {
        "Index": "381",
        "Shipping": "48180",
        "Department": "Beverages",
        "Category": "Energy Drinks",
        "": "",
        "Product Name": "Kill Cliff Ignite Flaming Joe, 12oz CLEAN ENERGY DRINK",
        "Brand": "Kill Cliff",
        "Sales": "2,480,000.00",
        "Date": "5/30/2023"
    },
    {
        "Index": "382",
        "Shipping": "48180",
        "Department": "Beverages",
        "Category": "Energy Drinks",
        "": "",
        "Product Name": "Redline Xtreme Blue Razz, 4 ct",
        "Brand": "Redline",
        "Sales": "8,160,000.00",
        "Date": "2/26/2023"
    },
    {
        "Index": "383",
        "Shipping": "48180",
        "Department": "Beverages",
        "Category": "Energy Drinks",
        "": "",
        "Product Name": "vitaminwater xxx, electrolyte enhanced water w/ vitamins, aai-blueberry-pomegranate drink, 20 fl oz",
        "Brand": "vitaminwater",
        "Sales": "1,380,000.00",
        "Date": "6/9/2023"
    },
    {
        "Index": "384",
        "Shipping": "48180",
        "Department": "Beverages",
        "Category": "Energy Drinks",
        "": "",
        "Product Name": "Reign Total Body Fuel, Orange Dreamsicle, Performance Energy Drink, 16 fl oz, 4 Pack",
        "Brand": "Reign",
        "Sales": "7,180,000.00",
        "Date": "6/19/2023"
    },
    {
        "Index": "385",
        "Shipping": "48180",
        "Department": "Beverages",
        "Category": "Energy Drinks",
        "": "",
        "Product Name": "neuroSONIC | Superfruit Infusion | Functional Beverage for Focused Energy, 14.5 Fl. Oz.",
        "Brand": "neuro drinks",
        "Sales": "1,980,000.00",
        "Date": "6/25/2023"
    },
    {
        "Index": "386",
        "Shipping": "48180",
        "Department": "Beverages",
        "Category": "Energy Drinks",
        "": "",
        "Product Name": "Red Bull Energy Drink, Sugar Free, 8.4 Fl Oz",
        "Brand": "Red Bull",
        "Sales": "2,180,000.00",
        "Date": "10/18/2023"
    },
    {
        "Index": "387",
        "Shipping": "48180",
        "Department": "Beverages",
        "Category": "Energy Drinks",
        "": "",
        "Product Name": "Pedialyte Electrolyte Powder, Electrolyte Drink, Variety Pack, Powder Sticks, 0.3 oz, 8 Count",
        "Brand": "Pedialyte",
        "Sales": "8,530,000.00",
        "Date": "8/24/2023"
    },
    {
        "Index": "388",
        "Shipping": "48180",
        "Department": "Beverages",
        "Category": "Energy Drinks",
        "": "",
        "Product Name": "vitaminwater energy electrolyte enhanced water w/ vitamins, tropical citrus drink, 20 fl oz",
        "Brand": "vitaminwater",
        "Sales": "1,380,000.00",
        "Date": "1/14/2023"
    },
    {
        "Index": "389",
        "Shipping": "48180",
        "Department": "Beverages",
        "Category": "Energy Drinks",
        "": "",
        "Product Name": "Suja Organic Vitamin D and Zinc Shot with Reishi & Probiotics, 1.7 FL OZ.",
        "Brand": "Suja",
        "Sales": "2,480,000.00",
        "Date": "9/10/2023"
    },
    {
        "Index": "390",
        "Shipping": "48180",
        "Department": "Beverages",
        "Category": "Energy Drinks",
        "": "",
        "Product Name": "Eternal Energy Premium Energy Shot, Grape, 1.93 fl oz, 6 Count",
        "Brand": "Eternal Energy",
        "Sales": "4,680,000.00",
        "Date": "8/25/2023"
    },
    {
        "Index": "391",
        "Shipping": "48180",
        "Department": "Beverages",
        "Category": "Energy Drinks",
        "": "",
        "Product Name": "Bang Shot Peach Mango 4PK",
        "Brand": "Bang",
        "Sales": "8,980,000.00",
        "Date": "9/5/2023"
    },
    {
        "Index": "392",
        "Shipping": "48180",
        "Department": "Beverages",
        "Category": "Energy Drinks",
        "": "",
        "Product Name": "Bucked Up Energy Drink, Low Stim Pink Lemonade, 16 fl oz, 100 mg Caffeine",
        "Brand": "Bucked Up",
        "Sales": "2,480,000.00",
        "Date": "9/7/2023"
    },
    {
        "Index": "393",
        "Shipping": "48180",
        "Department": "Beverages",
        "Category": "Energy Drinks",
        "": "",
        "Product Name": "5-hour ENERGY Shot, Extra Strength, Grape, 1.93 oz, 15 Count",
        "Brand": "5-Hour Energy",
        "Sales": "30,680,000.00",
        "Date": "9/17/2023"
    },
    {
        "Index": "394",
        "Shipping": "96797",
        "Department": "Baking",
        "Category": "Oils & Shortening",
        "": "",
        "Product Name": "Cobram Estate Australia Select Extra Virgin Olive Oil 375ml",
        "Brand": "Cobram Estate",
        "Sales": "10,240,000.00",
        "Date": "9/18/2023"
    },
    {
        "Index": "395",
        "Shipping": "96797",
        "Department": "Baking",
        "Category": "Oils & Shortening",
        "": "",
        "Product Name": "Colavita Premium Selection Extra Virgin Olive Oil, 25.5 Fluid Ounce",
        "Brand": "Colavita",
        "Sales": "13,500,000.00",
        "Date": "5/31/2023"
    },
    {
        "Index": "396",
        "Shipping": "48180",
        "Department": "Beverages",
        "Category": "Energy Drinks",
        "": "",
        "Product Name": "5-hour ENERGY Shot, Extra Strength, Grape, 1.93 oz, 6 Count",
        "Brand": "5-Hour Energy",
        "Sales": "14,180,000.00",
        "Date": "8/14/2023"
    },
    {
        "Index": "397",
        "Shipping": "48180",
        "Department": "Beverages",
        "Category": "Energy Drinks",
        "": "",
        "Product Name": "5-hour ENERGY  Shot, Extra Strength, Blue Raspberry, 1.93 oz, 15 Count",
        "Brand": "5-Hour Energy",
        "Sales": "30,680,000.00",
        "Date": "12/13/2022"
    },
    {
        "Index": "398",
        "Shipping": "48180",
        "Department": "Beverages",
        "Category": "Energy Drinks",
        "": "",
        "Product Name": "BCAA Powder - Evlution Nutrition Pre Workout BCAA Energy Powder 30 Servings - EVL BCAA Amino Acids Endurance & Muscle Recovery Drink - Blue Raz Flavor with Vitamin B12 & Vitamin C",
        "Brand": "Evlution Nutrition",
        "Sales": "17,860,000.00",
        "Date": "8/8/2023"
    },
    {
        "Index": "399",
        "Shipping": "96797",
        "Department": "Baking",
        "Category": "Oils & Shortening",
        "": "",
        "Product Name": "Roland Hot Chili Oil, 6.2 fl oz",
        "Brand": "Roland",
        "Sales": "6,170,000.00",
        "Date": "6/23/2023"
    },
    {
        "Index": "400",
        "Shipping": "48180",
        "Department": "Beverages",
        "Category": "Energy Drinks",
        "": "",
        "Product Name": "5-hour ENERGY  Shot, Extra Strength, Peach Mango, 1.93 oz, 15 Count",
        "Brand": "5-Hour Energy",
        "Sales": "30,680,000.00",
        "Date": "9/21/2023"
    },
    {
        "Index": "401",
        "Shipping": "96797",
        "Department": "Baking",
        "Category": "Oils & Shortening",
        "": "",
        "Product Name": "Cobram Estate California Select Extra Virgin Olive Oil 375ml",
        "Brand": "Cobram Estate",
        "Sales": "10,130,000.00",
        "Date": "2/5/2023"
    },
    {
        "Index": "402",
        "Shipping": "96797",
        "Department": "Baking",
        "Category": "Oils & Shortening",
        "": "",
        "Product Name": "Terra Verde, Garlic& Basil Pasta Oil, 250ml",
        "Brand": "Terra Verda",
        "Sales": "6,400,000.00",
        "Date": "12/10/2022"
    },
    {
        "Index": "403",
        "Shipping": "96797",
        "Department": "Baking",
        "Category": "Oils & Shortening",
        "": "",
        "Product Name": "California Olive Ranch Avocado Blend Extra Virgin Olive Oil, 25.4 fl oz",
        "Brand": "California Olive Ranch",
        "Sales": "14,240,000.00",
        "Date": "6/4/2023"
    },
    {
        "Index": "404",
        "Shipping": "48180",
        "Department": "Beverages",
        "Category": "Energy Drinks",
        "": "",
        "Product Name": "MiO Vitamins Orange Tangerine Sugar Free Water Enhancer with 2X More, 3.24 fl oz Big Bottle",
        "Brand": "MiO",
        "Sales": "5,980,000.00",
        "Date": "6/19/2023"
    },
    {
        "Index": "405",
        "Shipping": "48180",
        "Department": "Beverages",
        "Category": "Energy Drinks",
        "": "",
        "Product Name": "MiO Energy Black Cherry Sugar Free Water Enhancer with 2X More, 3.24 fl oz Big Bottle",
        "Brand": "MiO",
        "Sales": "5,980,000.00",
        "Date": "9/18/2022"
    },
    {
        "Index": "406",
        "Shipping": "96797",
        "Department": "Baking",
        "Category": "Oils & Shortening",
        "": "",
        "Product Name": "Bari Extra Virgin California Organic Olive Oil, 500 ml",
        "Brand": "Bari",
        "Sales": "10,680,000.00",
        "Date": "8/4/2023"
    },
    {
        "Index": "407",
        "Shipping": "48180",
        "Department": "Beverages",
        "Category": "Energy Drinks",
        "": "",
        "Product Name": "LIFEAID FITAID CITRUS 4-Pack",
        "Brand": "LIFEAID THE FUNCTIONAL BEVERAGE COMPANY",
        "Sales": "8,880,000.00",
        "Date": "9/29/2023"
    },
    {
        "Index": "408",
        "Shipping": "96797",
        "Department": "Baking",
        "Category": "Oils & Shortening",
        "": "",
        "Product Name": "Star Extra Virgin Olive Oil Value Pack, 1.5 Liter",
        "Brand": "STAR",
        "Sales": "14,740,000.00",
        "Date": "3/12/2023"
    },
    {
        "Index": "409",
        "Shipping": "48180",
        "Department": "Beverages",
        "Category": "Energy Drinks",
        "": "",
        "Product Name": "Great Value Blue Raspberry Drink Enhancer, 3.1 fl oz",
        "Brand": "Great Value",
        "Sales": "3,920,000.00",
        "Date": "5/27/2023"
    },
    {
        "Index": "410",
        "Shipping": "48180",
        "Department": "Beverages",
        "Category": "Energy Drinks",
        "": "",
        "Product Name": "Red Bull Energy Drink, Sugar Free, 16 Fl Oz",
        "Brand": "Red Bull",
        "Sales": "3,520,000.00",
        "Date": "11/9/2023"
    },
    {
        "Index": "411",
        "Shipping": "96797",
        "Department": "Baking",
        "Category": "Oils & Shortening",
        "": "",
        "Product Name": "Star Fine Foods Star Special Reserve Olive Oil, 17 oz",
        "Brand": "STAR",
        "Sales": "8,380,000.00",
        "Date": "12/17/2023"
    },
    {
        "Index": "412",
        "Shipping": "96797",
        "Department": "Baking",
        "Category": "Oils & Shortening",
        "": "",
        "Product Name": "Candy & Baking Flavoring .125Oz 3/Pkg-Summer Fruit-Blueberry/Raspberry/Pineapl",
        "Brand": "LorAnn Oils",
        "Sales": "3,780,000.00",
        "Date": "6/23/2023"
    },
    {
        "Index": "413",
        "Shipping": "96797",
        "Department": "Baking",
        "Category": "Oils & Shortening",
        "": "",
        "Product Name": "Star Fine Foods Star Olive Oil, 16.9 oz",
        "Brand": "STAR",
        "Sales": "6,620,000.00",
        "Date": "1/20/2023"
    },
    {
        "Index": "414",
        "Shipping": "96797",
        "Department": "Baking",
        "Category": "Oils & Shortening",
        "": "",
        "Product Name": "Family Foods Family Sesame Oil, 6 oz",
        "Brand": "Family",
        "Sales": "2,820,000.00",
        "Date": "2/6/2023"
    },
    {
        "Index": "415",
        "Shipping": "96797",
        "Department": "Baking",
        "Category": "Oils & Shortening",
        "": "",
        "Product Name": "Momoya Karasode Karakunai Layu 3.87 oz (110 g)",
        "Brand": "Momo",
        "Sales": "5,480,000.00",
        "Date": "9/12/2022"
    },
    {
        "Index": "416",
        "Shipping": "96797",
        "Department": "Baking",
        "Category": "Oils & Shortening",
        "": "",
        "Product Name": "Kadoya Sesame Oil Pure",
        "Brand": "Kadoya",
        "Sales": "3,240,000.00",
        "Date": "10/8/2022"
    },
    {
        "Index": "417",
        "Shipping": "96797",
        "Department": "Baking",
        "Category": "Oils & Shortening",
        "": "",
        "Product Name": "California Olive Ranch Reserve Arbosana Extra Virgin Olive Oil, 16.9 fl oz",
        "Brand": "California Olive Ranch",
        "Sales": "17,700,000.00",
        "Date": "6/28/2023"
    },
    {
        "Index": "418",
        "Shipping": "96797",
        "Department": "Baking",
        "Category": "Oils & Shortening",
        "": "",
        "Product Name": "S&B Layu Chili Oil with Peppers, 1.11 oz",
        "Brand": "S&B",
        "Sales": "2,430,000.00",
        "Date": "8/1/2023"
    },
    {
        "Index": "419",
        "Shipping": "96797",
        "Department": "Baking",
        "Category": "Oils & Shortening",
        "": "",
        "Product Name": "Star First Harvest, Extra Virgin Olive Oil, 16,9 fl oz",
        "Brand": "STAR",
        "Sales": "8,220,000.00",
        "Date": "8/9/2023"
    },
    {
        "Index": "420",
        "Shipping": "96797",
        "Department": "Baking",
        "Category": "Oils & Shortening",
        "": "",
        "Product Name": "California Olive Ranch Reserve Arbequina Extra Virgin Olive Oil, 16.9 fl oz",
        "Brand": "California Olive Ranch",
        "Sales": "16,880,000.00",
        "Date": "12/29/2022"
    },
    {
        "Index": "421",
        "Shipping": "96797",
        "Department": "Baking",
        "Category": "Oils & Shortening",
        "": "",
        "Product Name": "Bragg Organic Unrefined Unfiltered Extra Virgin Olive Oil, 32 fl oz",
        "Brand": "Bragg",
        "Sales": "20,480,000.00",
        "Date": "2/9/2023"
    },
    {
        "Index": "422",
        "Shipping": "94565",
        "Department": "Beverages",
        "Category": "Energy Drinks",
        "": "",
        "Product Name": "Red Bull Energy Drink, 8.4 Fl Oz (12 pack)",
        "Brand": "Red Bull",
        "Sales": "20,580,000.00",
        "Date": "12/10/2022"
    },
    {
        "Index": "423",
        "Shipping": "94565",
        "Department": "Beverages",
        "Category": "Energy Drinks",
        "": "",
        "Product Name": "Red Bull Energy Drink, 8.4 Fl Oz (4 pack)",
        "Brand": "Red Bull",
        "Sales": "7,240,000.00",
        "Date": "1/11/2023"
    },
    {
        "Index": "424",
        "Shipping": "94565",
        "Department": "Beverages",
        "Category": "Energy Drinks",
        "": "",
        "Product Name": "Monster Energy Green, Original, 16 fl oz, 12 Pack",
        "Brand": "Monster Energy",
        "Sales": "19,980,000.00",
        "Date": "7/26/2023"
    },
    {
        "Index": "425",
        "Shipping": "94565",
        "Department": "Beverages",
        "Category": "Energy Drinks",
        "": "",
        "Product Name": "Reign Total Body Fuel, Reignbow Sherbet, Performance Energy Drink, , 16 fl oz",
        "Brand": "Reign Watches",
        "Sales": "2,280,000.00",
        "Date": "8/14/2023"
    },
    {
        "Index": "426",
        "Shipping": "23223",
        "Department": "Meat & Seafood",
        "Category": "Game Time Faves",
        "": "",
        "Product Name": "Tenderbird Frozen Chicken Wing Sections, 3 lb (Frozen)",
        "Brand": "TenderBird",
        "Sales": "16,860,000.00",
        "Date": "12/12/2023"
    },
    {
        "Index": "427",
        "Shipping": "94565",
        "Department": "Beverages",
        "Category": "Energy Drinks",
        "": "",
        "Product Name": "V8 +ENERGY Orange Pineapple Energy Drink, 8 FL OZ Can (Pack of 6)",
        "Brand": "V8",
        "Sales": "5,140,000.00",
        "Date": "11/11/2022"
    },
    {
        "Index": "428",
        "Shipping": "94565",
        "Department": "Beverages",
        "Category": "Energy Drinks",
        "": "",
        "Product Name": "V8 +ENERGY Pomegranate Blueberry Energy Drink, 8 FL OZ Can (Pack of 12)",
        "Brand": "V8",
        "Sales": "9,380,000.00",
        "Date": "12/9/2022"
    },
    {
        "Index": "429",
        "Shipping": "23223",
        "Department": "Meat & Seafood",
        "Category": "Game Time Faves",
        "": "",
        "Product Name": "Smithfield Extra Meaty Fresh Pork Back Ribs, 2.1 - 3.8 lb",
        "Brand": "Smithfield",
        "Sales": "8,940,000.00",
        "Date": "12/22/2022"
    },
    {
        "Index": "430",
        "Shipping": "94565",
        "Department": "Beverages",
        "Category": "Energy Drinks",
        "": "",
        "Product Name": "NOS High Performance Energy Drink, Original, 16 fl oz, 8 Pack",
        "Brand": "NOS",
        "Sales": "11,980,000.00",
        "Date": "8/27/2023"
    },
    {
        "Index": "431",
        "Shipping": "23223",
        "Department": "Meat & Seafood",
        "Category": "Game Time Faves",
        "": "",
        "Product Name": "Koch Foods Chicken Wing Sections 3 lb (Frozen)",
        "Brand": "Koch Foods",
        "Sales": "17,980,000.00",
        "Date": "9/21/2023"
    },
    {
        "Index": "432",
        "Shipping": "94565",
        "Department": "Beverages",
        "Category": "Energy Drinks",
        "": "",
        "Product Name": "Red Bull Energy Drink, 12 Fl Oz (4 pack)",
        "Brand": "Red Bull",
        "Sales": "10,480,000.00",
        "Date": "6/22/2023"
    },
    {
        "Index": "433",
        "Shipping": "94565",
        "Department": "Beverages",
        "Category": "Energy Drinks",
        "": "",
        "Product Name": "Monster Energy Zero Ultra, Sugar Free Energy Drink, 16 fl oz, 12 Pack",
        "Brand": "Monster Energy",
        "Sales": "19,980,000.00",
        "Date": "6/1/2023"
    },
    {
        "Index": "434",
        "Shipping": "23223",
        "Department": "Meat & Seafood",
        "Category": "Game Time Faves",
        "": "",
        "Product Name": "Beef Choice Angus Ribeye Steak, 1.5 - 2.6 lb",
        "Brand": "Fresh Beef",
        "Sales": "20,360,000.00",
        "Date": "6/10/2023"
    },
    {
        "Index": "435",
        "Shipping": "94565",
        "Department": "Beverages",
        "Category": "Energy Drinks",
        "": "",
        "Product Name": "Red Bull Energy Drink, Watermelon, 12 Fl Oz (4 pack)",
        "Brand": "Red Bull",
        "Sales": "10,480,000.00",
        "Date": "10/19/2023"
    },
    {
        "Index": "436",
        "Shipping": "23223",
        "Department": "Meat & Seafood",
        "Category": "Game Time Faves",
        "": "",
        "Product Name": "Fresh Cooked Large Peeled, Deveined, Tail-On Shrimp, 1 lb (31-40 Count per lb)",
        "Brand": "FRESH SHRIMP",
        "Sales": "11,980,000.00",
        "Date": "11/30/2023"
    },
    {
        "Index": "437",
        "Shipping": "94565",
        "Department": "Beverages",
        "Category": "Energy Drinks",
        "": "",
        "Product Name": "Alani Nu Sugar-Free Energy Drink, Limited Edition Flavor Rocket Pop, 12 fl oz",
        "Brand": "Alani Nu",
        "Sales": "2,480,000.00",
        "Date": "10/4/2023"
    },
    {
        "Index": "438",
        "Shipping": "23223",
        "Department": "Meat & Seafood",
        "Category": "Game Time Faves",
        "": "",
        "Product Name": "Sam's Choice 100% Angus Beef Burgers, 12ct, 4lb (Frozen)",
        "Brand": "Sam's Choice",
        "Sales": "16,230,000.00",
        "Date": "11/2/2023"
    },
    {
        "Index": "439",
        "Shipping": "94565",
        "Department": "Beverages",
        "Category": "Energy Drinks",
        "": "",
        "Product Name": "Monster Energy Green, Original, Energy Drink, 16 fl oz, 4 Pack",
        "Brand": "Monster Energy",
        "Sales": "7,180,000.00",
        "Date": "6/22/2023"
    },
    {
        "Index": "440",
        "Shipping": "94565",
        "Department": "Beverages",
        "Category": "Energy Drinks",
        "": "",
        "Product Name": "Java Monster Mean Bean, Coffee + Energy Drink, 15 Fl Oz",
        "Brand": "Monster Energy",
        "Sales": "2,500,000.00",
        "Date": "8/22/2023"
    },
    {
        "Index": "441",
        "Shipping": "23223",
        "Department": "Meat & Seafood",
        "Category": "Game Time Faves",
        "": "",
        "Product Name": "Butterball All Natural Fresh 85%/15% Lean Ground Turkey, 1.25 lbs.",
        "Brand": "Butterball",
        "Sales": "6,320,000.00",
        "Date": "6/18/2023"
    },
    {
        "Index": "442",
        "Shipping": "94565",
        "Department": "Beverages",
        "Category": "Energy Drinks",
        "": "",
        "Product Name": "V8 +ENERGY Peach Mango Energy Drink, 8 FL OZ Can (Pack of 12)",
        "Brand": "V8",
        "Sales": "9,380,000.00",
        "Date": "8/13/2023"
    },
    {
        "Index": "443",
        "Shipping": "23223",
        "Department": "Meat & Seafood",
        "Category": "Game Time Faves",
        "": "",
        "Product Name": "Great Value Beef Burgers, 75% Lean/25% Fat, 32 Count, 8 lb (Frozen)",
        "Brand": "Great Value",
        "Sales": "27,320,000.00",
        "Date": "11/13/2022"
    },
    {
        "Index": "444",
        "Shipping": "94565",
        "Department": "Beverages",
        "Category": "Energy Drinks",
        "": "",
        "Product Name": "Alani Energy Drink-breezeberry-12oz",
        "Brand": "Alani Nu",
        "Sales": "2,480,000.00",
        "Date": "11/22/2022"
    },
    {
        "Index": "445",
        "Shipping": "23223",
        "Department": "Meat & Seafood",
        "Category": "Game Time Faves",
        "": "",
        "Product Name": "Johnsonville Mild Italian Pork Sausage Links, 5 Count",
        "Brand": "Johnsonville",
        "Sales": "5,870,000.00",
        "Date": "11/3/2023"
    },
    {
        "Index": "446",
        "Shipping": "94565",
        "Department": "Beverages",
        "Category": "Energy Drinks",
        "": "",
        "Product Name": "Red Bull Energy Drink, Dragon Fruit, 12 Fl Oz",
        "Brand": "Red Bull",
        "Sales": "2,680,000.00",
        "Date": "8/5/2023"
    },
    {
        "Index": "447",
        "Shipping": "94565",
        "Department": "Beverages",
        "Category": "Energy Drinks",
        "": "",
        "Product Name": "Monster Ultra Variety Pack, Ultra Watermelon + Ultra Paradise 16 fl oz, Pack of 12",
        "Brand": "Monster Energy",
        "Sales": "19,980,000.00",
        "Date": "6/23/2023"
    },
    {
        "Index": "448",
        "Shipping": "23223",
        "Department": "Meat & Seafood",
        "Category": "Game Time Faves",
        "": "",
        "Product Name": "Butterball All Natural Lean Turkey Drumsticks",
        "Brand": "Butterball",
        "Sales": "8,050,000.00",
        "Date": "12/4/2023"
    },
    {
        "Index": "449",
        "Shipping": "94565",
        "Department": "Beverages",
        "Category": "Energy Drinks",
        "": "",
        "Product Name": "V8 +ENERGY Black Cherry Energy Drink, 8 FL OZ Can (Pack of 6)",
        "Brand": "V8",
        "Sales": "5,140,000.00",
        "Date": "2/14/2023"
    },
    {
        "Index": "450",
        "Shipping": "23223",
        "Department": "Meat & Seafood",
        "Category": "Game Time Faves",
        "": "",
        "Product Name": "Johnsonville Original Bratwurst, Pork Sausage Links, 5 Count, 19 oz.",
        "Brand": "Johnsonville",
        "Sales": "5,870,000.00",
        "Date": "9/7/2023"
    },
    {
        "Index": "451",
        "Shipping": "94565",
        "Department": "Beverages",
        "Category": "Energy Drinks",
        "": "",
        "Product Name": "Monster Energy Green, Original, Energy Drink, 16 fl oz",
        "Brand": "Monster Energy",
        "Sales": "2,280,000.00",
        "Date": "12/11/2023"
    },
    {
        "Index": "452",
        "Shipping": "94565",
        "Department": "Beverages",
        "Category": "Energy Drinks",
        "": "",
        "Product Name": "Monster Energy Zero Ultra, Sugar Free Energy Drink, 16 fl oz, 4 Pack",
        "Brand": "Monster Energy",
        "Sales": "7,180,000.00",
        "Date": "4/6/2023"
    },
    {
        "Index": "453",
        "Shipping": "23223",
        "Department": "Meat & Seafood",
        "Category": "Game Time Faves",
        "": "",
        "Product Name": "Sam's Choice Cooked Medium Shrimp Cocktail Ring with Sauce, 16 oz",
        "Brand": "Sam's Choice",
        "Sales": "9,520,000.00",
        "Date": "11/18/2023"
    },
    {
        "Index": "454",
        "Shipping": "94565",
        "Department": "Beverages",
        "Category": "Energy Drinks",
        "": "",
        "Product Name": "Red Bull Energy Drink, Dragon Fruit, 12 Fl Oz (4 pack)",
        "Brand": "Red Bull",
        "Sales": "10,480,000.00",
        "Date": "6/16/2023"
    },
    {
        "Index": "455",
        "Shipping": "23223",
        "Department": "Meat & Seafood",
        "Category": "Game Time Faves",
        "": "",
        "Product Name": "All Natural* 80% Lean/20% Fat Ground Beef Patties, 2.25 lb",
        "Brand": "Fresh Ground Beef",
        "Sales": "9,370,000.00",
        "Date": "12/27/2023"
    },
    {
        "Index": "456",
        "Shipping": "94565",
        "Department": "Beverages",
        "Category": "Energy Drinks",
        "": "",
        "Product Name": "Red Bull Energy Drink, 12 Fl Oz",
        "Brand": "Red Bull",
        "Sales": "2,680,000.00",
        "Date": "8/18/2023"
    },
    {
        "Index": "457",
        "Shipping": "94565",
        "Department": "Beverages",
        "Category": "Energy Drinks",
        "": "",
        "Product Name": "Red Bull Energy Drink, Sugar Free, 8.4 Fl Oz (4 Pack)",
        "Brand": "Red Bull",
        "Sales": "7,240,000.00",
        "Date": "7/21/2023"
    },
    {
        "Index": "458",
        "Shipping": "23223",
        "Department": "Meat & Seafood",
        "Category": "Game Time Faves",
        "": "",
        "Product Name": "Great Value Chicken Wing Sections, 4 lb (Frozen)",
        "Brand": "Great Value",
        "Sales": "15,480,000.00",
        "Date": "2/24/2023"
    },
    {
        "Index": "459",
        "Shipping": "94565",
        "Department": "Beverages",
        "Category": "Energy Drinks",
        "": "",
        "Product Name": "V8 +ENERGY Pomegranate Blueberry Energy Drink, 8 FL OZ Can (Pack of 6)",
        "Brand": "V8",
        "Sales": "5,140,000.00",
        "Date": "10/29/2023"
    },
    {
        "Index": "460",
        "Shipping": "23223",
        "Department": "Meat & Seafood",
        "Category": "Game Time Faves",
        "": "",
        "Product Name": "Latitude 45 Smoke Roasted Atlantic Salmon Trio Pack, 12 oz",
        "Brand": "Latitude 45",
        "Sales": "16,480,000.00",
        "Date": "9/27/2022"
    },
    {
        "Index": "461",
        "Shipping": "94565",
        "Department": "Beverages",
        "Category": "Energy Drinks",
        "": "",
        "Product Name": "Rockstar Punched Fruit Punch Energy Drink, 16 oz, 4 Pack Cans",
        "Brand": "Rockstar",
        "Sales": "5,280,000.00",
        "Date": "11/10/2022"
    },
    {
        "Index": "462",
        "Shipping": "94565",
        "Department": "Beverages",
        "Category": "Energy Drinks",
        "": "",
        "Product Name": "Red Bull Energy Drink, Blueberry, 12 Fl Oz (4 pack)",
        "Brand": "Red Bull",
        "Sales": "10,480,000.00",
        "Date": "12/11/2022"
    },
    {
        "Index": "463",
        "Shipping": "23223",
        "Department": "Meat & Seafood",
        "Category": "Game Time Faves",
        "": "",
        "Product Name": "Great Value Frozen Cooked Colossal, Peeled & Deveined Tail-On Shrimp, 12 oz (16-22 count per lb)",
        "Brand": "Walmart",
        "Sales": "10,940,000.00",
        "Date": "11/1/2022"
    },
    {
        "Index": "464",
        "Shipping": "94565",
        "Department": "Beverages",
        "Category": "Energy Drinks",
        "": "",
        "Product Name": "Red Bull Energy Drink, Tropical, 12 Fl Oz (4 pack)",
        "Brand": "Red Bull",
        "Sales": "10,480,000.00",
        "Date": "12/9/2022"
    },
    {
        "Index": "465",
        "Shipping": "23223",
        "Department": "Meat & Seafood",
        "Category": "Game Time Faves",
        "": "",
        "Product Name": "All Natural* 85% Lean/15% Fat Angus Steak Burgers 12 Count, 4 lb",
        "Brand": "Fresh Ground Beef",
        "Sales": "18,420,000.00",
        "Date": "10/11/2023"
    },
    {
        "Index": "466",
        "Shipping": "94565",
        "Department": "Beverages",
        "Category": "Energy Drinks",
        "": "",
        "Product Name": "Red Bull Energy Drink, Sugar Free, 8.4 Fl Oz (12 Pack)",
        "Brand": "Red Bull",
        "Sales": "20,580,000.00",
        "Date": "6/5/2023"
    },
    {
        "Index": "467",
        "Shipping": "94565",
        "Department": "Beverages",
        "Category": "Energy Drinks",
        "": "",
        "Product Name": "Juice Monster Mango Loco, Energy + Juice, 16 fl oz, 12 Pack",
        "Brand": "Monster Energy",
        "Sales": "19,980,000.00",
        "Date": "8/25/2023"
    },
    {
        "Index": "468",
        "Shipping": "23223",
        "Department": "Meat & Seafood",
        "Category": "Game Time Faves",
        "": "",
        "Product Name": "Great Value Frozen Cooked Medium Peeled & Deveined Tail-on Shrimp, 12 oz (41-60 Count per lb)",
        "Brand": "Walmart Seafood",
        "Sales": "7,280,000.00",
        "Date": "6/11/2023"
    },
    {
        "Index": "469",
        "Shipping": "94565",
        "Department": "Beverages",
        "Category": "Energy Drinks",
        "": "",
        "Product Name": "Rockstar Sugar Free Energy Drink, 16 fl oz",
        "Brand": "Rockstar",
        "Sales": "1,880,000.00",
        "Date": "9/20/2022"
    },
    {
        "Index": "470",
        "Shipping": "23223",
        "Department": "Meat & Seafood",
        "Category": "Game Time Faves",
        "": "",
        "Product Name": "All Natural* 80% Lean/20% Fat Ground Beef Patties 12 Count, 4 lb",
        "Brand": "Fresh Ground Beef",
        "Sales": "17,460,000.00",
        "Date": "9/20/2022"
    },
    {
        "Index": "471",
        "Shipping": "94565",
        "Department": "Beverages",
        "Category": "Energy Drinks",
        "": "",
        "Product Name": "Mtn Dew Energy, Strawberry Melon Spark, 16 oz can",
        "Brand": "Mountain Dew Rise",
        "Sales": "1,980,000.00",
        "Date": "9/23/2022"
    },
    {
        "Index": "472",
        "Shipping": "23223",
        "Department": "Meat & Seafood",
        "Category": "Game Time Faves",
        "": "",
        "Product Name": "Great Value Frozen Cooked Extra Large Peeled & Deveined, Tail-on Shrimp, 12 oz (26-30 count per lb)",
        "Brand": "Walmart Seafood",
        "Sales": "7,480,000.00",
        "Date": "9/23/2022"
    },
    {
        "Index": "473",
        "Shipping": "94565",
        "Department": "Beverages",
        "Category": "Energy Drinks",
        "": "",
        "Product Name": "Juice Monster Pipeline Punch, Energy + Juice, 16 fl oz, 4 Pack",
        "Brand": "Monster Energy",
        "Sales": "7,180,000.00",
        "Date": "9/26/2022"
    },
    {
        "Index": "474",
        "Shipping": "94565",
        "Department": "Beverages",
        "Category": "Energy Drinks",
        "": "",
        "Product Name": "Mtn Dew Energy, Orange Breeze,16 oz can",
        "Brand": "Mountain Dew",
        "Sales": "1,980,000.00",
        "Date": "9/26/2022"
    },
    {
        "Index": "475",
        "Shipping": "23223",
        "Department": "Meat & Seafood",
        "Category": "Game Time Faves",
        "": "",
        "Product Name": "Freshness Guaranteed Boneless Chicken Breasts Family Pack, 4.7 - 6.25 lb",
        "Brand": "Freshness Guaranteed",
        "Sales": "15,020,000.00",
        "Date": "6/9/2023"
    },
    {
        "Index": "476",
        "Shipping": "94565",
        "Department": "Beverages",
        "Category": "Energy Drinks",
        "": "",
        "Product Name": "Mountain Dew Kickstart Orange Citrus Energizing Juice 16 oz Can",
        "Brand": "Mountain Dew",
        "Sales": "1,500,000.00",
        "Date": "6/2/2023"
    },
    {
        "Index": "477",
        "Shipping": "23223",
        "Department": "Meat & Seafood",
        "Category": "Game Time Faves",
        "": "",
        "Product Name": "Great Value Beef Burgers, 80% Lean/20% Fat, 3 lbs, 12 Count (Frozen)",
        "Brand": "Great Value",
        "Sales": "11,820,000.00",
        "Date": "9/12/2022"
    },
    {
        "Index": "478",
        "Shipping": "94565",
        "Department": "Beverages",
        "Category": "Energy Drinks",
        "": "",
        "Product Name": "Mountain Dew Kickstart Black Cherry Energizing Juice 16 oz Can",
        "Brand": "Mountain Dew",
        "Sales": "1,500,000.00",
        "Date": "6/12/2023"
    },
    {
        "Index": "479",
        "Shipping": "94565",
        "Department": "Beverages",
        "Category": "Energy Drinks",
        "": "",
        "Product Name": "Java Monster Loca Moca, Coffee + Energy Drink, 15 Fl Oz",
        "Brand": "Monster Digital",
        "Sales": "2,500,000.00",
        "Date": "7/4/2023"
    },
    {
        "Index": "480",
        "Shipping": "23223",
        "Department": "Meat & Seafood",
        "Category": "Game Time Faves",
        "": "",
        "Product Name": "Beef Choice Angus Sirloin Tender Steak, 0.6 - 1.62 lb",
        "Brand": "Fresh Beef",
        "Sales": "9,910,000.00",
        "Date": "12/17/2023"
    },
    {
        "Index": "481",
        "Shipping": "94565",
        "Department": "Beverages",
        "Category": "Energy Drinks",
        "": "",
        "Product Name": "Alani Energy Drink-cosmic Stardust-12oz",
        "Brand": "Alani Nu",
        "Sales": "2,480,000.00",
        "Date": "6/10/2023"
    },
    {
        "Index": "482",
        "Shipping": "23223",
        "Department": "Meat & Seafood",
        "Category": "Game Time Faves",
        "": "",
        "Product Name": "All Natural* 85% Lean/15% Fat Angus Ground Beef Burgers 4 Count, 1.33 lb",
        "Brand": "Fresh Ground Beef",
        "Sales": "7,260,000.00",
        "Date": "6/24/2023"
    },
    {
        "Index": "483",
        "Shipping": "94565",
        "Department": "Beverages",
        "Category": "Energy Drinks",
        "": "",
        "Product Name": "Mtn Dew Energy, Pomegranate Blue Burst,16 oz can",
        "Brand": "Mountain Dew",
        "Sales": "1,980,000.00",
        "Date": "12/21/2023"
    },
    {
        "Index": "484",
        "Shipping": "23223",
        "Department": "Meat & Seafood",
        "Category": "Game Time Faves",
        "": "",
        "Product Name": "Great Value Frozen Raw Large Peeled & Deveined, Tail-off Shrimp, 2 lb (31-40 Count per lb)",
        "Brand": "Great Value",
        "Sales": "13,260,000.00",
        "Date": "9/30/2022"
    },
    {
        "Index": "485",
        "Shipping": "94565",
        "Department": "Beverages",
        "Category": "Energy Drinks",
        "": "",
        "Product Name": "Java Monster Mean Bean, Coffee + Energy Drink, 11 fl oz, 6 Pack",
        "Brand": "Monster Energy",
        "Sales": "10,480,000.00",
        "Date": "9/26/2023"
    },
    {
        "Index": "486",
        "Shipping": "94565",
        "Department": "Beverages",
        "Category": "Energy Drinks",
        "": "",
        "Product Name": "V8 +ENERGY Peach Mango Energy Drink, 8 FL OZ Can (Pack of 6)",
        "Brand": "V8",
        "Sales": "5,140,000.00",
        "Date": "8/8/2023"
    },
    {
        "Index": "487",
        "Shipping": "23223",
        "Department": "Meat & Seafood",
        "Category": "Game Time Faves",
        "": "",
        "Product Name": "Great Value Peeled Tail on Extra Large Shrimp, 12 Oz (Frozen)",
        "Brand": "Walmart Seafood",
        "Sales": "5,840,000.00",
        "Date": "12/21/2022"
    },
    {
        "Index": "488",
        "Shipping": "23223",
        "Department": "Meat & Seafood",
        "Category": "Game Time Faves",
        "": "",
        "Product Name": "All Natural* 93% Lean/7% Fat Ground Beef Burgers 4 Count, 1 lb",
        "Brand": "Fresh Ground Beef",
        "Sales": "6,970,000.00",
        "Date": "3/19/2023"
    },
    {
        "Index": "489",
        "Shipping": "23223",
        "Department": "Meat & Seafood",
        "Category": "Game Time Faves",
        "": "",
        "Product Name": "Great Value Beef Burgers, 85% Lean/15% Fat, 12 Count, 3 lbs (Frozen)",
        "Brand": "Great Value",
        "Sales": "12,820,000.00",
        "Date": "6/11/2023"
    },
    {
        "Index": "490",
        "Shipping": "23223",
        "Department": "Meat & Seafood",
        "Category": "Game Time Faves",
        "": "",
        "Product Name": "Fresh Atlantic Salmon Portions, 0.70 - 1.1 lbs",
        "Brand": "FISH",
        "Sales": "7,060,000.00",
        "Date": "6/12/2023"
    },
    {
        "Index": "491",
        "Shipping": "23223",
        "Department": "Meat & Seafood",
        "Category": "Game Time Faves",
        "": "",
        "Product Name": "All Natural* 80% Lean/20% Fat Ground Beef Chuck Burgers 4 Count, 1.33 lb",
        "Brand": "Fresh Ground Beef",
        "Sales": "6,740,000.00",
        "Date": "11/10/2023"
    },
    {
        "Index": "492",
        "Shipping": "23223",
        "Department": "Meat & Seafood",
        "Category": "Game Time Faves",
        "": "",
        "Product Name": "Johnsonville Beer Bratwurst, Pork Sausage Links, 5 Count, 19 oz.",
        "Brand": "Johnsonville",
        "Sales": "5,870,000.00",
        "Date": "2/24/2023"
    },
    {
        "Index": "493",
        "Shipping": "23223",
        "Department": "Meat & Seafood",
        "Category": "Game Time Faves",
        "": "",
        "Product Name": "Beef Choice Angus Ribeye Steak Thin, 0.43 - 1.68 lb",
        "Brand": "Fresh Beef",
        "Sales": "15,170,000.00",
        "Date": "11/29/2023"
    },
    {
        "Index": "494",
        "Shipping": "23223",
        "Department": "Meat & Seafood",
        "Category": "Game Time Faves",
        "": "",
        "Product Name": "Sam's Choice Angus Bacon & Aged Cheddar Beef Patties, 6 Count, 2 lb (Frozen)",
        "Brand": "Sam's Choice",
        "Sales": "9,960,000.00",
        "Date": "6/24/2023"
    },
    {
        "Index": "495",
        "Shipping": "23223",
        "Department": "Meat & Seafood",
        "Category": "Game Time Faves",
        "": "",
        "Product Name": "Beef Choice Angus New York Strip Steak Family Pack, 1.53 - 2.63 lb",
        "Brand": "Fresh Beef",
        "Sales": "24,780,000.00",
        "Date": "1/1/2023"
    },
    {
        "Index": "496",
        "Shipping": "23223",
        "Department": "Meat & Seafood",
        "Category": "Game Time Faves",
        "": "",
        "Product Name": "Sam's Choice 100% Angus Beef Burgers, 6 Count, 2lb (Frozen)",
        "Brand": "Sam's Choice",
        "Sales": "9,960,000.00",
        "Date": "1/14/2023"
    },
    {
        "Index": "497",
        "Shipping": "23223",
        "Department": "Meat & Seafood",
        "Category": "Game Time Faves",
        "": "",
        "Product Name": "Beef Choice Angus Ribeye Steak Family Pack, 2.26 - 3.15 lb",
        "Brand": "Fresh Beef",
        "Sales": "32,300,000.00",
        "Date": "10/8/2022"
    },
    {
        "Index": "498",
        "Shipping": "23223",
        "Department": "Meat & Seafood",
        "Category": "Game Time Faves",
        "": "",
        "Product Name": "Fresh Atlantic Salmon Fillets, 1.90 - 2.30 lb",
        "Brand": "FISH",
        "Sales": "21,490,000.00",
        "Date": "12/29/2023"
    },
    {
        "Index": "499",
        "Shipping": "23223",
        "Department": "Meat & Seafood",
        "Category": "Game Time Faves",
        "": "",
        "Product Name": "Impossible Plant Based Ground, Brick, 12oz",
        "Brand": "Impossible",
        "Sales": "5,960,000.00",
        "Date": "1/15/2023"
    },
    {
        "Index": "500",
        "Shipping": "23223",
        "Department": "Meat & Seafood",
        "Category": "Game Time Faves",
        "": "",
        "Product Name": "Great Value Frozen Raw Super Colossal Shell-on Tail-on Easy Peel Shrimp, 16 oz (13-15 count per lb)",
        "Brand": "Aqua Star",
        "Sales": "10,880,000.00",
        "Date": "12/18/2022"
    },
    {
        "Index": "501",
        "Shipping": "23223",
        "Department": "Meat & Seafood",
        "Category": "Game Time Faves",
        "": "",
        "Product Name": "Butterball Original Seasoned Frozen Turkey Burgers, 1/3 lb. Patties, 2 lb. Package",
        "Brand": "Butterball",
        "Sales": "11,920,000.00",
        "Date": "1/2/2023"
    },
    {
        "Index": "502",
        "Shipping": "23223",
        "Department": "Meat & Seafood",
        "Category": "Game Time Faves",
        "": "",
        "Product Name": "Sam's Choice Angus Bacon & Aged Cheddar Beef Patties, 6 Count, 2 lb (Frozen)",
        "Brand": "Sam's Choice",
        "Sales": "9,960,000.00",
        "Date": "3/31/2023"
    },
    {
        "Index": "503",
        "Shipping": "23223",
        "Department": "Meat & Seafood",
        "Category": "Game Time Faves",
        "": "",
        "Product Name": "Beef Choice Angus New York Strip Steak Family Pack, 1.53 - 2.63 lb",
        "Brand": "Fresh Beef",
        "Sales": "24,780,000.00",
        "Date": "4/26/2023"
    },
    {
        "Index": "504",
        "Shipping": "23223",
        "Department": "Meat & Seafood",
        "Category": "Game Time Faves",
        "": "",
        "Product Name": "Sam's Choice 100% Angus Beef Burgers, 6 Count, 2lb (Frozen)",
        "Brand": "Sam's Choice",
        "Sales": "9,960,000.00",
        "Date": "4/27/2023"
    },
    {
        "Index": "505",
        "Shipping": "23223",
        "Department": "Meat & Seafood",
        "Category": "Game Time Faves",
        "": "",
        "Product Name": "Beef Choice Angus Ribeye Steak Family Pack, 2.26 - 3.15 lb",
        "Brand": "Fresh Beef",
        "Sales": "32,300,000.00",
        "Date": "9/29/2022"
    },
    {
        "Index": "506",
        "Shipping": "23223",
        "Department": "Meat & Seafood",
        "Category": "Game Time Faves",
        "": "",
        "Product Name": "Fresh Atlantic Salmon Fillets, 1.90 - 2.30 lb",
        "Brand": "FISH",
        "Sales": "21,490,000.00",
        "Date": "12/11/2022"
    },
    {
        "Index": "507",
        "Shipping": "23223",
        "Department": "Meat & Seafood",
        "Category": "Game Time Faves",
        "": "",
        "Product Name": "Impossible Plant Based Ground, Brick, 12oz",
        "Brand": "Impossible",
        "Sales": "5,960,000.00",
        "Date": "12/12/2022"
    },
    {
        "Index": "508",
        "Shipping": "23223",
        "Department": "Meat & Seafood",
        "Category": "Game Time Faves",
        "": "",
        "Product Name": "Great Value Frozen Raw Super Colossal Shell-on Tail-on Easy Peel Shrimp, 16 oz (13-15 count per lb)",
        "Brand": "Aqua Star",
        "Sales": "10,880,000.00",
        "Date": "10/11/2023"
    },
    {
        "Index": "509",
        "Shipping": "23223",
        "Department": "Meat & Seafood",
        "Category": "Game Time Faves",
        "": "",
        "Product Name": "Butterball Original Seasoned Frozen Turkey Burgers, 1/3 lb. Patties, 2 lb. Package",
        "Brand": "Butterball",
        "Sales": "11,920,000.00",
        "Date": "3/11/2023"
    },
    {
        "Index": "510",
        "Shipping": "23223",
        "Department": "Meat & Seafood",
        "Category": "Game Time Faves",
        "": "",
        "Product Name": "Beef Choice Angus Flat Iron Steak, 0.45 - 0.9 lb",
        "Brand": "Fresh Beef",
        "Sales": "6,300,000.00",
        "Date": "6/13/2023"
    },
    {
        "Index": "511",
        "Shipping": "23223",
        "Department": "Meat & Seafood",
        "Category": "Game Time Faves",
        "": "",
        "Product Name": "Beef Choice Angus T-Bone Steak Bone-In, 0.53 - 2.23 lb",
        "Brand": "Fresh Beef",
        "Sales": "12,690,000.00",
        "Date": "11/12/2023"
    },
    {
        "Index": "512",
        "Shipping": "23223",
        "Department": "Meat & Seafood",
        "Category": "Game Time Faves",
        "": "",
        "Product Name": "Beyond Meat Burger Patties, 2 Count, 0.5 lb (Fresh)",
        "Brand": "BEYOND MEAT",
        "Sales": "4,840,000.00",
        "Date": "11/20/2023"
    },
    {
        "Index": "513",
        "Shipping": "23223",
        "Department": "Meat & Seafood",
        "Category": "Game Time Faves",
        "": "",
        "Product Name": "Prime Rib Beef Steak Burger Patties 4 Count, 1.33 lb",
        "Brand": "Fresh Ground Beef",
        "Sales": "9,480,000.00",
        "Date": "11/2/2022"
    },
    {
        "Index": "514",
        "Shipping": "94565",
        "Department": "Beverages",
        "Category": "Energy Drinks",
        "": "",
        "Product Name": "Mtn Dew Energy, Orange Breeze,16 oz can",
        "Brand": "Mountain Dew",
        "Sales": "1,980,000.00",
        "Date": "2/24/2023"
    },
    {
        "Index": "515",
        "Shipping": "23223",
        "Department": "Meat & Seafood",
        "Category": "Game Time Faves",
        "": "",
        "Product Name": "Butterball Sweet Onion Frozen Turkey Burgers, 1/3 lb. Patties, 2 lb. Package",
        "Brand": "Butterball",
        "Sales": "11,920,000.00",
        "Date": "6/1/2023"
    },
    {
        "Index": "516",
        "Shipping": "94565",
        "Department": "Beverages",
        "Category": "Energy Drinks",
        "": "",
        "Product Name": "Mountain Dew Kickstart Orange Citrus Energizing Juice 16 oz Can",
        "Brand": "Mountain Dew",
        "Sales": "1,500,000.00",
        "Date": "6/3/2023"
    },
    {
        "Index": "517",
        "Shipping": "23223",
        "Department": "Meat & Seafood",
        "Category": "Game Time Faves",
        "": "",
        "Product Name": "Beef Choice Angus New York Strip Steak Thin, 0.54 - 1.56 lb",
        "Brand": "Fresh Beef",
        "Sales": "17,250,000.00",
        "Date": "10/21/2023"
    },
    {
        "Index": "518",
        "Shipping": "94565",
        "Department": "Beverages",
        "Category": "Energy Drinks",
        "": "",
        "Product Name": "Mountain Dew Kickstart Black Cherry Energizing Juice 16 oz Can",
        "Brand": "Mountain Dew",
        "Sales": "1,500,000.00",
        "Date": "10/26/2023"
    },
    {
        "Index": "519",
        "Shipping": "94565",
        "Department": "Beverages",
        "Category": "Energy Drinks",
        "": "",
        "Product Name": "Java Monster Loca Moca, Coffee + Energy Drink, 15 Fl Oz",
        "Brand": "Monster Digital",
        "Sales": "2,500,000.00",
        "Date": "11/19/2023"
    },
    {
        "Index": "520",
        "Shipping": "23223",
        "Department": "Meat & Seafood",
        "Category": "Game Time Faves",
        "": "",
        "Product Name": "Beef Choice Angus Filet Mignon, 0.16 - 0.9 lb",
        "Brand": "Fresh Beef",
        "Sales": "13,120,000.00",
        "Date": "3/9/2023"
    },
    {
        "Index": "521",
        "Shipping": "94565",
        "Department": "Beverages",
        "Category": "Energy Drinks",
        "": "",
        "Product Name": "Alani Energy Drink-cosmic Stardust-12oz",
        "Brand": "Alani Nu",
        "Sales": "2,480,000.00",
        "Date": "12/13/2022"
    },
    {
        "Index": "522",
        "Shipping": "23223",
        "Department": "Meat & Seafood",
        "Category": "Game Time Faves",
        "": "",
        "Product Name": "Sam's Choice Frozen Wild Caught Mahi-Mahi Fillets, 12 oz",
        "Brand": "Sam's Choice",
        "Sales": "12,440,000.00",
        "Date": "8/21/2023"
    },
    {
        "Index": "523",
        "Shipping": "94565",
        "Department": "Beverages",
        "Category": "Energy Drinks",
        "": "",
        "Product Name": "Mtn Dew Energy, Pomegranate Blue Burst,16 oz can",
        "Brand": "Mountain Dew",
        "Sales": "1,980,000.00",
        "Date": "3/21/2023"
    },
    {
        "Index": "524",
        "Shipping": "94565",
        "Department": "Beverages",
        "Category": "Energy Drinks",
        "": "",
        "Product Name": "Java Monster Mean Bean, Coffee + Energy Drink, 11 fl oz, 6 Pack",
        "Brand": "Monster Energy",
        "Sales": "10,480,000.00",
        "Date": "12/27/2022"
    },
    {
        "Index": "525",
        "Shipping": "23223",
        "Department": "Meat & Seafood",
        "Category": "Game Time Faves",
        "": "",
        "Product Name": "Smithfield St. Louis-Style Fresh Pork Spareribs, 2.1-5.1 lb",
        "Brand": "Smithfield",
        "Sales": "16,650,000.00",
        "Date": "6/6/2023"
    },
    {
        "Index": "526",
        "Shipping": "94565",
        "Department": "Beverages",
        "Category": "Energy Drinks",
        "": "",
        "Product Name": "V8 +ENERGY Peach Mango Energy Drink, 8 FL OZ Can (Pack of 6)",
        "Brand": "V8",
        "Sales": "5,140,000.00",
        "Date": "4/25/2023"
    },
    {
        "Index": "527",
        "Shipping": "23223",
        "Department": "Meat & Seafood",
        "Category": "Game Time Faves",
        "": "",
        "Product Name": "Villari Smoked Turkey Wings Cut, 1.6-2.1lbs",
        "Brand": "Villari Brothers",
        "Sales": "5,620,000.00",
        "Date": "1/7/2023"
    },
    {
        "Index": "528",
        "Shipping": "94565",
        "Department": "Beverages",
        "Category": "Energy Drinks",
        "": "",
        "Product Name": "Mountain Dew Kickstart Fruit Punch Energizing Juice 16 oz Can",
        "Brand": "Ocean Spray",
        "Sales": "1,500,000.00",
        "Date": "11/5/2023"
    },
    {
        "Index": "529",
        "Shipping": "23223",
        "Department": "Meat & Seafood",
        "Category": "Game Time Faves",
        "": "",
        "Product Name": "Villari Brothers, Smoked Turkey Drumstick, 1.5-2.2 lb",
        "Brand": "Villari Brothers",
        "Sales": "6,110,000.00",
        "Date": "11/19/2023"
    },
    {
        "Index": "530",
        "Shipping": "94565",
        "Department": "Beverages",
        "Category": "Energy Drinks",
        "": "",
        "Product Name": "Bang Keto Coffee Cookies & Cream Craze High Protein Energy Drink, 15 oz Can",
        "Brand": "Bang",
        "Sales": "3,480,000.00",
        "Date": "4/8/2023"
    },
    {
        "Index": "531",
        "Shipping": "94565",
        "Department": "Beverages",
        "Category": "Energy Drinks",
        "": "",
        "Product Name": "Red Bull Energy Drink, Watermelon, 12 Fl Oz",
        "Brand": "Red Bull",
        "Sales": "2,680,000.00",
        "Date": "10/26/2023"
    },
    {
        "Index": "532",
        "Shipping": "23223",
        "Department": "Meat & Seafood",
        "Category": "Game Time Faves",
        "": "",
        "Product Name": "Great Value Frozen Raw Jumbo Shrimp, 12 oz (21-25 Count per lb)",
        "Brand": "V.I.P.",
        "Sales": "6,640,000.00",
        "Date": "12/19/2022"
    },
    {
        "Index": "533",
        "Shipping": "94565",
        "Department": "Beverages",
        "Category": "Energy Drinks",
        "": "",
        "Product Name": "Red Bull Energy Drink, Tropical, 12 Fl Oz",
        "Brand": "Red Bull",
        "Sales": "2,680,000.00",
        "Date": "3/7/2023"
    },
    {
        "Index": "534",
        "Shipping": "23223",
        "Department": "Meat & Seafood",
        "Category": "Game Time Faves",
        "": "",
        "Product Name": "Beef Choice Angus Flank Steak, 1.34 - 2.28 lb",
        "Brand": "Fresh Beef",
        "Sales": "14,820,000.00",
        "Date": "7/8/2023"
    },
    {
        "Index": "535",
        "Shipping": "94565",
        "Department": "Beverages",
        "Category": "Energy Drinks",
        "": "",
        "Product Name": "Rockstar Punched Fruit Punch Energy Drink, 16 oz Can",
        "Brand": "Rockstar",
        "Sales": "1,880,000.00",
        "Date": "9/10/2023"
    },
    {
        "Index": "536",
        "Shipping": "94565",
        "Department": "Beverages",
        "Category": "Energy Drinks",
        "": "",
        "Product Name": "Rockstar Original Energy Drink, 16 oz, 4 Pack Cans",
        "Brand": "Rockstar",
        "Sales": "5,280,000.00",
        "Date": "9/11/2023"
    },
    {
        "Index": "537",
        "Shipping": "23223",
        "Department": "Meat & Seafood",
        "Category": "Game Time Faves",
        "": "",
        "Product Name": "Smithfield Fresh Pork Spareribs, 3.7 - 7.9 lb",
        "Brand": "Smithfield",
        "Sales": "14,140,000.00",
        "Date": "5/26/2023"
    },
    {
        "Index": "538",
        "Shipping": "94565",
        "Department": "Beverages",
        "Category": "Energy Drinks",
        "": "",
        "Product Name": "Red Bull Energy Drink, Peach, 12 Fl Oz",
        "Brand": "Red Bull",
        "Sales": "2,680,000.00",
        "Date": "9/16/2023"
    },
    {
        "Index": "539",
        "Shipping": "23223",
        "Department": "Meat & Seafood",
        "Category": "Game Time Faves",
        "": "",
        "Product Name": "Sam's Choice Frozen Ahi Tuna Steaks, 16 Oz",
        "Brand": "Sam's Choice",
        "Sales": "7,240,000.00",
        "Date": "9/22/2023"
    },
    {
        "Index": "540",
        "Shipping": "94565",
        "Department": "Beverages",
        "Category": "Energy Drinks",
        "": "",
        "Product Name": "Bang Blue Razz Energy Drink with Super Creatine, 16 oz Can",
        "Brand": "Bang",
        "Sales": "2,080,000.00",
        "Date": "12/10/2022"
    },
    {
        "Index": "541",
        "Shipping": "94565",
        "Department": "Beverages",
        "Category": "Energy Drinks",
        "": "",
        "Product Name": "Starbucks Doubleshot Energy Vanilla Coffee Energy Drink, 15 oz Can",
        "Brand": "Starbucks",
        "Sales": "2,980,000.00",
        "Date": "2/2/2023"
    },
    {
        "Index": "542",
        "Shipping": "23223",
        "Department": "Meat & Seafood",
        "Category": "Game Time Faves",
        "": "",
        "Product Name": "Great Value Beer 'n Bratwurst, 5 Links, 1 lb 3 oz (Fresh)",
        "Brand": "Great Value",
        "Sales": "5,280,000.00",
        "Date": "5/17/2023"
    },
    {
        "Index": "543",
        "Shipping": "94565",
        "Department": "Beverages",
        "Category": "Energy Drinks",
        "": "",
        "Product Name": "Red Bull Energy Drink, Coconut Berry, 12 Fl Oz",
        "Brand": "Red Bull",
        "Sales": "2,680,000.00",
        "Date": "5/18/2023"
    },
    {
        "Index": "544",
        "Shipping": "23223",
        "Department": "Meat & Seafood",
        "Category": "Game Time Faves",
        "": "",
        "Product Name": "Fresh Wild Caught Tuna Steaks, 0.65 - 0.75 lb",
        "Brand": "FISH",
        "Sales": "8,300,000.00",
        "Date": "6/8/2023"
    },
    {
        "Index": "545",
        "Shipping": "94565",
        "Department": "Beverages",
        "Category": "Energy Drinks",
        "": "",
        "Product Name": "Mtn Dew Energy Drink Pomegranate Blue Burst Blueberry Pomegranate 16 Fl Oz 4 Count Cans",
        "Brand": "Mountain Dew",
        "Sales": "6,580,000.00",
        "Date": "7/16/2023"
    },
    {
        "Index": "546",
        "Shipping": "23223",
        "Department": "Meat & Seafood",
        "Category": "Game Time Faves",
        "": "",
        "Product Name": "Beef Choice Angus Ribeye Steak Thick, 0.81 - 1.47 lb",
        "Brand": "Fresh Beef",
        "Sales": "15,090,000.00",
        "Date": "8/4/2023"
    },
    {
        "Index": "547",
        "Shipping": "94565",
        "Department": "Beverages",
        "Category": "Energy Drinks",
        "": "",
        "Product Name": "Rockstar Recovery Orange with Electrolytes Energy Drink, 16 oz Can",
        "Brand": "Rockstar",
        "Sales": "1,880,000.00",
        "Date": "11/3/2022"
    },
    {
        "Index": "548",
        "Shipping": "94565",
        "Department": "Beverages",
        "Category": "Energy Drinks",
        "": "",
        "Product Name": "Monster Energy Lo-Carb, Energy Drink, 16 fl oz, 12 Pack",
        "Brand": "Monster Energy",
        "Sales": "19,980,000.00",
        "Date": "12/19/2022"
    },
    {
        "Index": "549",
        "Shipping": "23223",
        "Department": "Meat & Seafood",
        "Category": "Game Time Faves",
        "": "",
        "Product Name": "Pork Center Cut Loin Chops Thick Bone-In Family Pack, 2.8 - 4.2 lb",
        "Brand": "FRESH PORK",
        "Sales": "14,140,000.00",
        "Date": "11/19/2023"
    },
    {
        "Index": "550",
        "Shipping": "94565",
        "Department": "Beverages",
        "Category": "Energy Drinks",
        "": "",
        "Product Name": "Red Bull Energy Drink, Sugar Free, 12 Fl Oz (4 Pack)",
        "Brand": "Red Bull",
        "Sales": "10,480,000.00",
        "Date": "11/11/2022"
    },
    {
        "Index": "551",
        "Shipping": "94565",
        "Department": "Beverages",
        "Category": "Energy Drinks",
        "": "",
        "Product Name": "Red Bull Energy Drink, Blueberry, 12 Fl Oz",
        "Brand": "Red Bull",
        "Sales": "2,680,000.00",
        "Date": "12/3/2022"
    },
    {
        "Index": "552",
        "Shipping": "94565",
        "Department": "Beverages",
        "Category": "Energy Drinks",
        "": "",
        "Product Name": "Starbucks Zero Sugar Coffee Drink Tripleshot Energy Chocolate 15 Fluid Ounce",
        "Brand": "Starbucks",
        "Sales": "2,980,000.00",
        "Date": "5/13/2023"
    },
    {
        "Index": "553",
        "Shipping": "94565",
        "Department": "Beverages",
        "Category": "Energy Drinks",
        "": "",
        "Product Name": "Alani Nu Sugar-Free Energy Drink, Cosmic Stardust, 12 oz Cans (Pack of 6)",
        "Brand": "Alani Nu",
        "Sales": "13,980,000.00",
        "Date": "12/27/2023"
    },
    {
        "Index": "554",
        "Shipping": "94565",
        "Department": "Beverages",
        "Category": "Energy Drinks",
        "": "",
        "Product Name": "Starbucks Tripleshot Energy Mocha Extra Strength Coffee Energy Drink, 15 oz Can",
        "Brand": "Starbucks",
        "Sales": "2,980,000.00",
        "Date": "9/19/2023"
    },
    {
        "Index": "555",
        "Shipping": "94565",
        "Department": "Beverages",
        "Category": "Energy Drinks",
        "": "",
        "Product Name": "Monster Zero Ultra, 16 fl oz",
        "Brand": "Monster Energy",
        "Sales": "2,280,000.00",
        "Date": "12/18/2022"
    },
    {
        "Index": "556",
        "Shipping": "94565",
        "Department": "Beverages",
        "Category": "Energy Drinks",
        "": "",
        "Product Name": "CELSIUS Essential Energy Drink 12 Fl Oz, Sparkling Orange (Single)",
        "Brand": "Celsius",
        "Sales": "1,980,000.00",
        "Date": "12/19/2022"
    },
    {
        "Index": "557",
        "Shipping": "94565",
        "Department": "Beverages",
        "Category": "Energy Drinks",
        "": "",
        "Product Name": "CELSIUS Essential Energy Drink 12 Fl Oz, Sparkling Kiwi Guava (Single Can)",
        "Brand": "Celsius",
        "Sales": "1,980,000.00",
        "Date": "12/18/2023"
    },
    {
        "Index": "558",
        "Shipping": "94565",
        "Department": "Beverages",
        "Category": "Energy Drinks",
        "": "",
        "Product Name": "Java Monster Salted Caramel, Coffee + Energy Drink, 15 fl oz",
        "Brand": "Monster Energy",
        "Sales": "2,500,000.00",
        "Date": "7/12/2023"
    },
    {
        "Index": "559",
        "Shipping": "94565",
        "Department": "Beverages",
        "Category": "Energy Drinks",
        "": "",
        "Product Name": "Rockstar Original Energy Drink, 16 fl oz",
        "Brand": "Rockstar",
        "Sales": "1,880,000.00",
        "Date": "6/5/2023"
    },
    {
        "Index": "560",
        "Shipping": "94565",
        "Department": "Beverages",
        "Category": "Energy Drinks",
        "": "",
        "Product Name": "CELSIUS Essential Energy Drink 12 Fl Oz, Sparkling Watermelon (Single Can)",
        "Brand": "Celsius",
        "Sales": "1,980,000.00",
        "Date": "1/27/2023"
    },
    {
        "Index": "561",
        "Shipping": "94565",
        "Department": "Beverages",
        "Category": "Energy Drinks",
        "": "",
        "Product Name": "Starbucks Doubleshot Energy White Chocolate Coffee Energy Drink, 15 oz Can",
        "Brand": "Starbucks",
        "Sales": "2,980,000.00",
        "Date": "10/4/2022"
    },
    {
        "Index": "562",
        "Shipping": "94565",
        "Department": "Beverages",
        "Category": "Energy Drinks",
        "": "",
        "Product Name": "NOS High Performance Energy Drink, 16 fl oz",
        "Brand": "NOS",
        "Sales": "1,980,000.00",
        "Date": "10/25/2023"
    },
    {
        "Index": "563",
        "Shipping": "94565",
        "Department": "Beverages",
        "Category": "Energy Drinks",
        "": "",
        "Product Name": "Starbucks Tripleshot Energy Caramel Extra Strength Coffee Energy Drink, 15 oz Can",
        "Brand": "Starbucks",
        "Sales": "2,980,000.00",
        "Date": "11/1/2023"
    },
    {
        "Index": "564",
        "Shipping": "94565",
        "Department": "Beverages",
        "Category": "Energy Drinks",
        "": "",
        "Product Name": "Starbucks Tripleshot Energy Zero Sugar Vanilla Extra Strength Coffee Energy Drink 15 oz Can",
        "Brand": "Starbucks",
        "Sales": "2,980,000.00",
        "Date": "6/11/2023"
    },
    {
        "Index": "565",
        "Shipping": "94565",
        "Department": "Beverages",
        "Category": "Energy Drinks",
        "": "",
        "Product Name": "Starbucks Tripleshot Energy French Vanilla Extra Strength Coffee Energy Drink, 15 oz Can",
        "Brand": "Starbucks",
        "Sales": "2,980,000.00",
        "Date": "8/10/2023"
    },
    {
        "Index": "566",
        "Shipping": "94565",
        "Department": "Beverages",
        "Category": "Energy Drinks",
        "": "",
        "Product Name": "Red Bull Energy Drink, Sugar Free, 12 Fl Oz",
        "Brand": "Red Bull",
        "Sales": "2,680,000.00",
        "Date": "12/9/2023"
    },
    {
        "Index": "567",
        "Shipping": "94565",
        "Department": "Beverages",
        "Category": "Energy Drinks",
        "": "",
        "Product Name": "Starbucks Doubleshot Energy Mocha Coffee Energy Drink, 15 oz Can",
        "Brand": "Starbucks",
        "Sales": "2,980,000.00",
        "Date": "9/13/2022"
    },
    {
        "Index": "568",
        "Shipping": "94565",
        "Department": "Beverages",
        "Category": "Energy Drinks",
        "": "",
        "Product Name": "POWERADE Zero Sugar Fruit Punch, ION4 Electrolyte Enhanced Fruit Flavored Zero Sugar Zero Calorie Sports Drink, 20 fl oz, 8 Pack",
        "Brand": "Powerade",
        "Sales": "5,280,000.00",
        "Date": "9/13/2022"
    },
    {
        "Index": "569",
        "Shipping": "94565",
        "Department": "Beverages",
        "Category": "Energy Drinks",
        "": "",
        "Product Name": "Starbucks Doubleshot Energy Mocha Coffee Energy Drink, 15 oz Can",
        "Brand": "Starbucks",
        "Sales": "2,980,000.00",
        "Date": "9/15/2022"
    },
    {
        "Index": "570",
        "Shipping": "94565",
        "Department": "Beverages",
        "Category": "Energy Drinks",
        "": "",
        "Product Name": "POWERADE Zero Sugar Fruit Punch, ION4 Electrolyte Enhanced Fruit Flavored Zero Sugar Zero Calorie Sports Drink, 20 fl oz, 8 Pack",
        "Brand": "Powerade",
        "Sales": "5,280,000.00",
        "Date": "9/15/2022"
    },
    {
        "Index": "571",
        "Shipping": "94565",
        "Department": "Beverages",
        "Category": "Energy Drinks",
        "": "",
        "Product Name": "Java Monster Nitro Cold Brew Latte, Coffee + Energy Drink, 13.5 fl oz",
        "Brand": "Monster Energy",
        "Sales": "2,500,000.00",
        "Date": "9/20/2022"
    },
    {
        "Index": "572",
        "Shipping": "94565",
        "Department": "Beverages",
        "Category": "Energy Drinks",
        "": "",
        "Product Name": "Bang Keto Coffee Mocha Madness High Protein Energy Drink, 15 oz Can",
        "Brand": "Bang",
        "Sales": "3,480,000.00",
        "Date": "9/20/2022"
    },
    {
        "Index": "573",
        "Shipping": "94565",
        "Department": "Beverages",
        "Category": "Energy Drinks",
        "": "",
        "Product Name": "Starbucks Doubleshot Energy Mocha Coffee Energy Drink, 11 oz, 4 Pack Cans",
        "Brand": "Starbucks",
        "Sales": "6,980,000.00",
        "Date": "9/22/2022"
    },
    {
        "Index": "574",
        "Shipping": "94565",
        "Department": "Beverages",
        "Category": "Energy Drinks",
        "": "",
        "Product Name": "BCAA Powder - Evlution Nutrition Pre Workout BCAA Energy Powder 30 Servings - EVL BCAA Amino Acids Endurance & Muscle Recovery Drink - Fruit Punch Flavor with Vitamin B12 & Vitamin C",
        "Brand": "Evlution Nutrition",
        "Sales": "17,860,000.00",
        "Date": "9/25/2022"
    },
    {
        "Index": "575",
        "Shipping": "94565",
        "Department": "Beverages",
        "Category": "Energy Drinks",
        "": "",
        "Product Name": "Java Monster Nitro Cold Brew Sweet Black, Coffee + Energy Drink, 13.5 fl oz",
        "Brand": "Monster Energy",
        "Sales": "2,500,000.00",
        "Date": "7/27/2023"
    },
    {
        "Index": "576",
        "Shipping": "94565",
        "Department": "Beverages",
        "Category": "Energy Drinks",
        "": "",
        "Product Name": "Red Bull Energy Drink, 8.4 Fl Oz",
        "Brand": "Red Bull",
        "Sales": "2,180,000.00",
        "Date": "10/21/2023"
    },
    {
        "Index": "577",
        "Shipping": "94565",
        "Department": "Beverages",
        "Category": "Energy Drinks",
        "": "",
        "Product Name": "Stacker 2 B12 10,000% Energy Shot Acai Pomegranate, 2 fl oz, 6 count",
        "Brand": "NVE Pharmaceuticals",
        "Sales": "5,880,000.00",
        "Date": "11/17/2023"
    },
    {
        "Index": "578",
        "Shipping": "94565",
        "Department": "Beverages",
        "Category": "Energy Drinks",
        "": "",
        "Product Name": "vitaminwater xxx, electrolyte enhanced water w/ vitamins, aai-blueberry-pomegranate drink, 20 fl oz",
        "Brand": "vitaminwater",
        "Sales": "1,380,000.00",
        "Date": "12/15/2023"
    },
    {
        "Index": "579",
        "Shipping": "94565",
        "Department": "Beverages",
        "Category": "Energy Drinks",
        "": "",
        "Product Name": "Pedialyte Electrolyte Powder, Electrolyte Drink, Variety Pack, Powder Sticks, 0.3 oz, 8 Count",
        "Brand": "Pedialyte",
        "Sales": "8,530,000.00",
        "Date": "8/27/2023"
    },
    {
        "Index": "580",
        "Shipping": "94565",
        "Department": "Beverages",
        "Category": "Energy Drinks",
        "": "",
        "Product Name": "vitaminwater energy electrolyte enhanced water w/ vitamins, tropical citrus drink, 20 fl oz",
        "Brand": "vitaminwater",
        "Sales": "1,380,000.00",
        "Date": "9/15/2023"
    },
    {
        "Index": "581",
        "Shipping": "94565",
        "Department": "Beverages",
        "Category": "Energy Drinks",
        "": "",
        "Product Name": "Eternal Energy Premium Energy Shot, Grape, 1.93 fl oz, 6 Count",
        "Brand": "Eternal Energy",
        "Sales": "4,680,000.00",
        "Date": "9/22/2023"
    },
    {
        "Index": "582",
        "Shipping": "94565",
        "Department": "Beverages",
        "Category": "Energy Drinks",
        "": "",
        "Product Name": "5-hour ENERGY Shot, Extra Strength, Grape, 1.93 oz, 15 Count",
        "Brand": "5-Hour Energy",
        "Sales": "32,220,000.00",
        "Date": "10/18/2023"
    },
    {
        "Index": "583",
        "Shipping": "94565",
        "Department": "Beverages",
        "Category": "Energy Drinks",
        "": "",
        "Product Name": "5-hour ENERGY Shot, Extra Strength, Grape, 1.93 oz, 6 Count",
        "Brand": "5-Hour Energy",
        "Sales": "14,180,000.00",
        "Date": "8/8/2023"
    },
    {
        "Index": "584",
        "Shipping": "94565",
        "Department": "Beverages",
        "Category": "Energy Drinks",
        "": "",
        "Product Name": "5-hour ENERGY  Shot, Extra Strength, Blue Raspberry, 1.93 oz, 15 Count",
        "Brand": "5-Hour Energy",
        "Sales": "30,680,000.00",
        "Date": "10/10/2023"
    },
    {
        "Index": "585",
        "Shipping": "94565",
        "Department": "Beverages",
        "Category": "Energy Drinks",
        "": "",
        "Product Name": "BCAA Powder - Evlution Nutrition Pre Workout BCAA Energy Powder 30 Servings - EVL BCAA Amino Acids Endurance & Muscle Recovery Drink - Blue Raz Flavor with Vitamin B12 & Vitamin C",
        "Brand": "Evlution Nutrition",
        "Sales": "17,860,000.00",
        "Date": "2/5/2023"
    },
    {
        "Index": "586",
        "Shipping": "94565",
        "Department": "Beverages",
        "Category": "Energy Drinks",
        "": "",
        "Product Name": "5-hour ENERGY  Shot, Extra Strength, Peach Mango, 1.93 oz, 15 Count",
        "Brand": "5-Hour Energy",
        "Sales": "32,220,000.00",
        "Date": "8/20/2023"
    },
    {
        "Index": "587",
        "Shipping": "94565",
        "Department": "Beverages",
        "Category": "Energy Drinks",
        "": "",
        "Product Name": "MiO Vitamins Orange Tangerine Sugar Free Water Enhancer with 2X More, 3.24 fl oz Big Bottle",
        "Brand": "MiO",
        "Sales": "5,980,000.00",
        "Date": "10/25/2023"
    },
    {
        "Index": "588",
        "Shipping": "94565",
        "Department": "Beverages",
        "Category": "Energy Drinks",
        "": "",
        "Product Name": "MiO Energy Black Cherry Sugar Free Water Enhancer with 2X More, 3.24 fl oz Big Bottle",
        "Brand": "MiO",
        "Sales": "5,980,000.00",
        "Date": "11/28/2022"
    },
    {
        "Index": "589",
        "Shipping": "94565",
        "Department": "Beverages",
        "Category": "Energy Drinks",
        "": "",
        "Product Name": "Great Value Blue Raspberry Drink Enhancer, 3.1 fl oz",
        "Brand": "Great Value",
        "Sales": "3,920,000.00",
        "Date": "4/5/2023"
    },
    {
        "Index": "590",
        "Shipping": "94565",
        "Department": "Beverages",
        "Category": "Energy Drinks",
        "": "",
        "Product Name": "Bang Keto Coffee Chocolate Peanut Butter High Protein Coffee Energy Drink, 15 oz Can",
        "Brand": "Bang",
        "Sales": "3,480,000.00",
        "Date": "4/7/2023"
    },
    {
        "Index": "591",
        "Shipping": "94565",
        "Department": "Beverages",
        "Category": "Energy Drinks",
        "": "",
        "Product Name": "5-Hour Energy Shot, Extra Strength, Grape, 1.93 oz",
        "Brand": "5-Hour Energy",
        "Sales": "2,980,000.00",
        "Date": "4/18/2023"
    },
    {
        "Index": "592",
        "Shipping": "94565",
        "Department": "Beverages",
        "Category": "Energy Drinks",
        "": "",
        "Product Name": "A SHOC Accelerator Island Guava Smart Energy Drink, 12 Fl Oz Can",
        "Brand": "A SHOC Accelerator",
        "Sales": "2,080,000.00",
        "Date": "1/31/2023"
    },
    {
        "Index": "593",
        "Shipping": "94565",
        "Department": "Beverages",
        "Category": "Energy Drinks",
        "": "",
        "Product Name": "Great Value Sugar-Free Lemonade Drink Mix, 0.53 Oz., 6 Count",
        "Brand": "Great Value",
        "Sales": "2,480,000.00",
        "Date": "2/1/2023"
    },
    {
        "Index": "594",
        "Shipping": "94565",
        "Department": "Beverages",
        "Category": "Energy Drinks",
        "": "",
        "Product Name": "5-hour ENERGY Shot, Extra Strength, Berry, 1.93 oz, 6 Count",
        "Brand": "5-Hour Energy",
        "Sales": "14,180,000.00",
        "Date": "2/15/2023"
    },
    {
        "Index": "595",
        "Shipping": "94565",
        "Department": "Beverages",
        "Category": "Energy Drinks",
        "": "",
        "Product Name": "Starbucks Doubleshot Energy Vanilla Coffee Energy Drink, 11 oz, 4 Pack Cans",
        "Brand": "Starbucks Doubleshot",
        "Sales": "6,980,000.00",
        "Date": "4/5/2023"
    },
    {
        "Index": "596",
        "Shipping": "94565",
        "Department": "Beverages",
        "Category": "Energy Drinks",
        "": "",
        "Product Name": "5-hour ENERGY Shot, Extra Strength, Berry, 1.93 oz, 15 Count",
        "Brand": "5-Hour Energy",
        "Sales": "32,220,000.00",
        "Date": "4/10/2023"
    },
    {
        "Index": "597",
        "Shipping": "94565",
        "Department": "Beverages",
        "Category": "Energy Drinks",
        "": "",
        "Product Name": "5-hour ENERGY Shot, Extra Strength, Berry, 1.93 oz",
        "Brand": "5-Hour Energy",
        "Sales": "2,980,000.00",
        "Date": "6/1/2023"
    },
    {
        "Index": "598",
        "Shipping": "48180",
        "Department": "Beverages",
        "Category": "Sparkling Water",
        "": "",
        "Product Name": "Clear American Peach Sparkling Water, 33.8 fl oz",
        "Brand": "Clear American",
        "Sales": "700,000.00",
        "Date": "7/18/2023"
    },
    {
        "Index": "599",
        "Shipping": "48180",
        "Department": "Beverages",
        "Category": "Sparkling Water",
        "": "",
        "Product Name": "Clear American Black Cherry Sparkling Water, 33.8 fl oz",
        "Brand": "Clear American",
        "Sales": "700,000.00",
        "Date": "10/19/2022"
    },
    {
        "Index": "600",
        "Shipping": "48180",
        "Department": "Beverages",
        "Category": "Sparkling Water",
        "": "",
        "Product Name": "Clear American Sparkling Water, Blackberry Lemonade, 33.8 fl oz",
        "Brand": "Clear American",
        "Sales": "700,000.00",
        "Date": "8/13/2023"
    },
    {
        "Index": "601",
        "Shipping": "48180",
        "Department": "Beverages",
        "Category": "Sparkling Water",
        "": "",
        "Product Name": "Clear American Sparkling Water, Wild Cherry, 33.8 fl oz",
        "Brand": "Clear American",
        "Sales": "700,000.00",
        "Date": "12/21/2023"
    },
    {
        "Index": "602",
        "Shipping": "48180",
        "Department": "Beverages",
        "Category": "Sparkling Water",
        "": "",
        "Product Name": "Clear American Cherry Lime Raspberry Sparkling Water, 33.8 Fl Oz, Bottle",
        "Brand": "Clear American",
        "Sales": "700,000.00",
        "Date": "10/29/2023"
    },
    {
        "Index": "603",
        "Shipping": "48180",
        "Department": "Beverages",
        "Category": "Sparkling Water",
        "": "",
        "Product Name": "Clear American Fuji Apple Sparkling Water, 33.8 fl oz",
        "Brand": "Clear American",
        "Sales": "700,000.00",
        "Date": "11/21/2023"
    },
    {
        "Index": "604",
        "Shipping": "48180",
        "Department": "Beverages",
        "Category": "Sparkling Water",
        "": "",
        "Product Name": "Clear American Sparkling Water, Cherry Vanilla, 33.8 fl oz",
        "Brand": "Clear American",
        "Sales": "700,000.00",
        "Date": "7/14/2023"
    },
    {
        "Index": "605",
        "Shipping": "48180",
        "Department": "Beverages",
        "Category": "Sparkling Water",
        "": "",
        "Product Name": "Clear American Sparkling Water, Tangerine Mango, 33.8 fl oz",
        "Brand": "Clear American",
        "Sales": "700,000.00",
        "Date": "7/14/2023"
    },
    {
        "Index": "606",
        "Shipping": "48180",
        "Department": "Beverages",
        "Category": "Sparkling Water",
        "": "",
        "Product Name": "Clear American Sparkling Water, Mandarin Orange, 33.8 fl oz",
        "Brand": "Clear American",
        "Sales": "700,000.00",
        "Date": "10/12/2022"
    },
    {
        "Index": "607",
        "Shipping": "48180",
        "Department": "Beverages",
        "Category": "Sparkling Water",
        "": "",
        "Product Name": "Clear American Sparkling Water, Key Lime 33.8 fl oz",
        "Brand": "Clear American",
        "Sales": "700,000.00",
        "Date": "10/29/2022"
    },
    {
        "Index": "608",
        "Shipping": "48180",
        "Department": "Beverages",
        "Category": "Sparkling Water",
        "": "",
        "Product Name": "Clear American Sparkling Water, Strawberry, 33.8 fl oz",
        "Brand": "Clear American",
        "Sales": "700,000.00",
        "Date": "7/6/2023"
    },
    {
        "Index": "609",
        "Shipping": "48180",
        "Department": "Beverages",
        "Category": "Sparkling Water",
        "": "",
        "Product Name": "Clear American Sparkling Water, Orange & Cream, 33.8 fl oz",
        "Brand": "Clear American",
        "Sales": "700,000.00",
        "Date": "6/26/2023"
    },
    {
        "Index": "610",
        "Shipping": "48180",
        "Department": "Beverages",
        "Category": "Sparkling Water",
        "": "",
        "Product Name": "Clear American Cotton Candy Sparkling Water, 33.8 Fl Oz, Bottle",
        "Brand": "Clear American",
        "Sales": "700,000.00",
        "Date": "1/30/2023"
    },
    {
        "Index": "611",
        "Shipping": "48180",
        "Department": "Beverages",
        "Category": "Sparkling Water",
        "": "",
        "Product Name": "Clear American Sparkling Water, Cherry Limeade, 12 fl Oz, 12 Count",
        "Brand": "Clear American",
        "Sales": "4,120,000.00",
        "Date": "12/16/2022"
    },
    {
        "Index": "612",
        "Shipping": "48180",
        "Department": "Beverages",
        "Category": "Sparkling Water",
        "": "",
        "Product Name": "Clear American Black Cherry Sparkling Water, 12 Fl Oz, 12 Pack Cans",
        "Brand": "Clear American",
        "Sales": "4,120,000.00",
        "Date": "10/12/2023"
    },
    {
        "Index": "613",
        "Shipping": "48180",
        "Department": "Beverages",
        "Category": "Sparkling Water",
        "": "",
        "Product Name": "Clear American Cherry Limeade Sparkling Water, 33.8 fl oz",
        "Brand": "Clear American",
        "Sales": "700,000.00",
        "Date": "10/17/2023"
    },
    {
        "Index": "614",
        "Shipping": "48180",
        "Department": "Beverages",
        "Category": "Sparkling Water",
        "": "",
        "Product Name": "Clear American Strawberry Sparkling Water, 12 Fl Oz, 12 Pack Cans",
        "Brand": "Clear American",
        "Sales": "4,120,000.00",
        "Date": "12/31/2023"
    },
    {
        "Index": "615",
        "Shipping": "48180",
        "Department": "Beverages",
        "Category": "Sparkling Water",
        "": "",
        "Product Name": "LaCroix Sparkling Water, LimonCello 8pk/ 12 fl oz",
        "Brand": "LaCroix",
        "Sales": "10,690,000.00",
        "Date": "9/17/2022"
    },
    {
        "Index": "616",
        "Shipping": "48180",
        "Department": "Beverages",
        "Category": "Sparkling Water",
        "": "",
        "Product Name": "Clear American Sparkling Water, Peach, 12 fl oz, 12 Count",
        "Brand": "Clear American",
        "Sales": "4,120,000.00",
        "Date": "9/18/2022"
    },
    {
        "Index": "617",
        "Shipping": "48180",
        "Department": "Beverages",
        "Category": "Sparkling Water",
        "": "",
        "Product Name": "Clear American Mandarin Orange Sparkling Water, 12 fl oz, 12 Count",
        "Brand": "Clear American",
        "Sales": "4,120,000.00",
        "Date": "9/18/2022"
    },
    {
        "Index": "618",
        "Shipping": "48180",
        "Department": "Beverages",
        "Category": "Sparkling Water",
        "": "",
        "Product Name": "LaCroix Sparkling Water, Lime 8Pk/12Oz",
        "Brand": "LaCroix",
        "Sales": "3,680,000.00",
        "Date": "9/18/2022"
    },
    {
        "Index": "619",
        "Shipping": "48180",
        "Department": "Beverages",
        "Category": "Sparkling Water",
        "": "",
        "Product Name": "Clear American Pineapple Coconut Sparkling Water, 12 Fl Oz, 12 Pack Cans",
        "Brand": "Clear American",
        "Sales": "4,120,000.00",
        "Date": "11/23/2023"
    },
    {
        "Index": "620",
        "Shipping": "48180",
        "Department": "Beverages",
        "Category": "Sparkling Water",
        "": "",
        "Product Name": "AHA Sparkling Water, Pineapple + Passionfruit Flavored Water, Zero Calories, Sodium Free, No Sweeteners, 12 fl oz, 8 Pack",
        "Brand": "AHA",
        "Sales": "3,880,000.00",
        "Date": "11/24/2022"
    },
    {
        "Index": "621",
        "Shipping": "48180",
        "Department": "Beverages",
        "Category": "Sparkling Water",
        "": "",
        "Product Name": "AHA Sparkling Water, Blackberry + Lemon Flavored Water, Zero Calories, Sodium Free, No Sweeteners, 12 fl oz, 8 Pack",
        "Brand": "AHA",
        "Sales": "3,880,000.00",
        "Date": "11/11/2022"
    }
]